Reporting Date,Deal Name,Deal ID,Rate,% SCYLLA Impressions,Impressions,Gross Revenue,eCPM,Bid Requests,Valid Bid Responses,Bid Responses,Response Rate,Win Rate (Client),Avg Bid CPM,AVG% above Floor price needed to win Bid (CPM)
2/11/2025,Amazon U.S._RMI_Good Employer and Pro SMB_H1'25_TTD_Instream Video_1P OE AUDIENCE_Cross-Platform Enhanced Pre-Roll,KRG-9qcd-43672,$17.00 ,$1.00 ,"56,751",$965.72 ,$17.02 ,"662,747,600","819,701","819,846",0.12%,6.92%,$17.02 ,100.12%
2/11/2025,Amazon U.S._RMI_Good Employer and Pro SMB_H1'25_TTD_ADHESION_1P OE AUDIENCE_Cross-Platform Runway,KRG-rlf9-43675,$7.00 ,$1.00 ,"155,874","$1,092.42 ",$7.01 ,"384,173,500","470,892","478,174",0.12%,33.10%,$7.01 ,100.14%
2/11/2025,Amazon U.S._RMI_Good Employer and Pro SMB_H1'25_TTD_In-Article_300x250_1P OE AUDIENCE_Cross-Platform Venti Display,KRG-x8c8-43674,$6.29 ,$1.00 ,"175,822","$1,108.04 ",$6.30 ,"1,057,575,200","764,777","791,135",0.07%,22.99%,$6.31 ,100.32%
2/11/2025,Amazon U.S._RMI_Good Employer and Pro SMB_H1'25_TTD_In-Article_300x250_1P OE AUDIENCE_Cross-Platform Venti Video,KRG-pja5-43673,$7.29 ,$1.00 ,"692,518","$5,055.25 ",$7.30 ,"1,057,575,200","2,566,716","2,596,788",0.24%,26.98%,$7.35 ,100.82%
2/12/2025,Amazon U.S._RMI_Good Employer and Pro SMB_H1'25_TTD_In-Article_300x250_1P OE AUDIENCE_Cross-Platform Venti Video,KRG-pja5-43673,$7.29 ,$1.00 ,"554,412","$4,046.77 ",$7.30 ,"1,021,947,000","2,129,742","2,133,541",0.21%,26.03%,$7.36 ,100.96%
2/12/2025,Amazon U.S._RMI_Good Employer and Pro SMB_H1'25_TTD_Instream Video_1P OE AUDIENCE_Cross-Platform Enhanced Pre-Roll,KRG-9qcd-43672,$17.00 ,$1.00 ,"87,189","$1,483.41 ",$17.01 ,"684,598,600","896,891","900,018",0.13%,9.72%,$17.02 ,100.12%
2/12/2025,Amazon U.S._RMI_Good Employer and Pro SMB_H1'25_TTD_ADHESION_1P OE AUDIENCE_Cross-Platform Runway,KRG-rlf9-43675,$7.00 ,$1.00 ,"134,164",$939.33 ,$7.00 ,"391,243,100","378,758","380,356",0.10%,35.42%,$7.00 ,100.00%
2/12/2025,Amazon U.S._RMI_Good Employer and Pro SMB_H1'25_TTD_In-Article_300x250_1P OE AUDIENCE_Cross-Platform Venti Display,KRG-x8c8-43674,$6.29 ,$1.00 ,"141,080",$888.76 ,$6.30 ,"1,021,947,000","537,261","539,027",0.05%,26.26%,$6.31 ,100.32%
2/13/2025,Amazon U.S._RMI_Good Employer and Pro SMB_H1'25_TTD_Instream Video_1P OE AUDIENCE_Cross-Platform Enhanced Pre-Roll,KRG-9qcd-43672,$17.00 ,$1.00 ,"59,320","$1,009.66 ",$17.02 ,"678,200,400","686,310","686,463",0.10%,8.64%,$17.02 ,100.12%
2/13/2025,Amazon U.S._RMI_Good Employer and Pro SMB_H1'25_TTD_In-Article_300x250_1P OE AUDIENCE_Cross-Platform Venti Display,KRG-x8c8-43674,$6.29 ,$1.00 ,"141,373",$889.98 ,$6.30 ,"988,157,000","493,161","496,808",0.05%,28.67%,$6.30 ,100.16%
2/13/2025,Amazon U.S._RMI_Good Employer and Pro SMB_H1'25_TTD_ADHESION_1P OE AUDIENCE_Cross-Platform Runway,KRG-rlf9-43675,$7.00 ,$1.00 ,"124,706",$873.38 ,$7.00 ,"369,242,800","355,514","356,689",0.10%,35.08%,$7.00 ,100.00%
2/13/2025,Amazon U.S._RMI_Good Employer and Pro SMB_H1'25_TTD_In-Article_300x250_1P OE AUDIENCE_Cross-Platform Venti Video,KRG-pja5-43673,$7.29 ,$1.00 ,"554,218","$4,043.54 ",$7.30 ,"988,157,000","2,050,489","2,059,198",0.21%,27.03%,$7.34 ,100.69%
2/14/2025,Amazon U.S._RMI_Good Employer and Pro SMB_H1'25_TTD_Instream Video_1P OE AUDIENCE_Cross-Platform Enhanced Pre-Roll,KRG-9qcd-43672,$17.00 ,$1.00 ,"50,581",$860.68 ,$17.02 ,"666,822,200","1,433,499","1,440,550",0.22%,3.53%,$17.01 ,100.06%
2/14/2025,Amazon U.S._RMI_Good Employer and Pro SMB_H1'25_TTD_In-Article_300x250_1P OE AUDIENCE_Cross-Platform Venti Video,KRG-pja5-43673,$7.29 ,$1.00 ,"550,744","$4,019.05 ",$7.30 ,"946,539,700","2,189,731","2,197,747",0.23%,25.15%,$7.35 ,100.82%
2/14/2025,Amazon U.S._RMI_Good Employer and Pro SMB_H1'25_TTD_In-Article_300x250_1P OE AUDIENCE_Cross-Platform Venti Display,KRG-x8c8-43674,$6.29 ,$1.00 ,"139,015",$875.66 ,$6.30 ,"946,539,700","603,100","605,906",0.06%,23.05%,$6.30 ,100.16%
2/14/2025,Amazon U.S._RMI_Good Employer and Pro SMB_H1'25_TTD_ADHESION_1P OE AUDIENCE_Cross-Platform Runway,KRG-rlf9-43675,$7.00 ,$1.00 ,"123,614",$865.79 ,$7.00 ,"356,774,600","397,438","400,541",0.11%,31.10%,$7.00 ,100.00%
2/15/2025,Amazon U.S._RMI_Good Employer and Pro SMB_H1'25_TTD_In-Article_300x250_1P OE AUDIENCE_Cross-Platform Venti Display,KRG-x8c8-43674,$6.29 ,$1.00 ,"138,980",$876.11 ,$6.30 ,"916,229,200","598,249","600,576",0.07%,23.23%,$6.32 ,100.48%
2/15/2025,Amazon U.S._RMI_Good Employer and Pro SMB_H1'25_TTD_ADHESION_1P OE AUDIENCE_Cross-Platform Runway,KRG-rlf9-43675,$7.00 ,$1.00 ,"126,095",$883.14 ,$7.00 ,"392,806,800","406,539","417,518",0.10%,31.02%,$7.00 ,100.00%
2/15/2025,Amazon U.S._RMI_Good Employer and Pro SMB_H1'25_TTD_In-Article_300x250_1P OE AUDIENCE_Cross-Platform Venti Video,KRG-pja5-43673,$7.29 ,$1.00 ,"553,560","$4,041.70 ",$7.30 ,"916,229,200","2,429,890","2,436,424",0.27%,22.78%,$7.46 ,102.33%
2/15/2025,Amazon U.S._RMI_Good Employer and Pro SMB_H1'25_TTD_Instream Video_1P OE AUDIENCE_Cross-Platform Enhanced Pre-Roll,KRG-9qcd-43672,$17.00 ,$1.00 ,"36,548",$621.85 ,$17.01 ,"714,078,000","1,284,636","1,284,657",0.18%,2.85%,$17.01 ,100.06%
2/16/2025,Amazon U.S._RMI_Good Employer and Pro SMB_H1'25_TTD_Instream Video_1P OE AUDIENCE_Cross-Platform Enhanced Pre-Roll,KRG-9qcd-43672,$17.00 ,$1.00 ,"31,042",$528.04 ,$17.01 ,"809,919,700","1,127,994","1,128,011",0.14%,2.75%,$17.01 ,100.06%
2/16/2025,Amazon U.S._RMI_Good Employer and Pro SMB_H1'25_TTD_ADHESION_1P OE AUDIENCE_Cross-Platform Runway,KRG-rlf9-43675,$7.00 ,$1.00 ,"124,555",$872.46 ,$7.00 ,"415,207,700","377,907","394,910",0.09%,32.96%,$7.00 ,100.00%
2/16/2025,Amazon U.S._RMI_Good Employer and Pro SMB_H1'25_TTD_In-Article_300x250_1P OE AUDIENCE_Cross-Platform Venti Display,KRG-x8c8-43674,$6.29 ,$1.00 ,"139,117",$876.78 ,$6.30 ,"1,024,629,000","554,860","557,116",0.05%,25.07%,$6.32 ,100.48%
2/16/2025,Amazon U.S._RMI_Good Employer and Pro SMB_H1'25_TTD_In-Article_300x250_1P OE AUDIENCE_Cross-Platform Venti Video,KRG-pja5-43673,$7.29 ,$1.00 ,"552,180","$4,031.89 ",$7.30 ,"1,024,629,000","2,240,963","2,246,281",0.22%,24.64%,$7.60 ,104.25%
2/17/2025,Amazon U.S._RMI_Good Employer and Pro SMB_H1'25_TTD_In-Article_300x250_1P OE AUDIENCE_Cross-Platform Venti Display,KRG-x8c8-43674,$6.29 ,$1.00 ,"140,182",$883.98 ,$6.31 ,"1,040,975,400","512,987","517,341",0.05%,27.33%,$6.32 ,100.48%
2/17/2025,Amazon U.S._RMI_Good Employer and Pro SMB_H1'25_TTD_ADHESION_1P OE AUDIENCE_Cross-Platform Runway,KRG-rlf9-43675,$7.00 ,$1.00 ,"125,389",$878.70 ,$7.01 ,"400,793,000","393,006","398,812",0.10%,31.91%,$7.00 ,100.00%
2/17/2025,Amazon U.S._RMI_Good Employer and Pro SMB_H1'25_TTD_Instream Video_1P OE AUDIENCE_Cross-Platform Enhanced Pre-Roll,KRG-9qcd-43672,$17.00 ,$1.00 ,"64,397","$1,096.09 ",$17.02 ,"760,044,500","1,342,913","1,343,002",0.18%,4.80%,$17.01 ,100.06%
2/17/2025,Amazon U.S._RMI_Good Employer and Pro SMB_H1'25_TTD_In-Article_300x250_1P OE AUDIENCE_Cross-Platform Venti Video,KRG-pja5-43673,$7.29 ,$1.00 ,"555,616","$4,062.57 ",$7.31 ,"1,040,975,400","2,055,001","2,067,596",0.20%,27.04%,$7.70 ,105.62%
2/18/2025,Amazon U.S._RMI_Good Employer and Pro SMB_H1'25_TTD_In-Article_300x250_1P OE AUDIENCE_Cross-Platform Venti Video,KRG-pja5-43673,$7.29 ,$1.00 ,"554,549","$4,067.23 ",$7.33 ,"1,014,804,900","2,018,197","2,027,548",0.20%,27.48%,$7.94 ,108.92%
2/18/2025,Amazon U.S._RMI_Good Employer and Pro SMB_H1'25_TTD_In-Article_300x250_1P OE AUDIENCE_Cross-Platform Venti Display,KRG-x8c8-43674,$6.29 ,$1.00 ,"140,505",$887.67 ,$6.32 ,"1,014,804,900","484,068","487,911",0.05%,29.03%,$6.32 ,100.48%
2/18/2025,Amazon U.S._RMI_Good Employer and Pro SMB_H1'25_TTD_ADHESION_1P OE AUDIENCE_Cross-Platform Runway,KRG-rlf9-43675,$7.00 ,$1.00 ,"123,418",$867.16 ,$7.03 ,"380,236,400","347,546","353,306",0.09%,35.51%,$7.02 ,100.29%
2/18/2025,Amazon U.S._RMI_Good Employer and Pro SMB_H1'25_TTD_Instream Video_1P OE AUDIENCE_Cross-Platform Enhanced Pre-Roll,KRG-9qcd-43672,$17.00 ,$1.00 ,"60,099","$1,023.73 ",$17.03 ,"700,126,600","1,269,215","1,269,571",0.18%,4.74%,$17.04 ,100.24%
2/19/2025,Amazon U.S._RMI_Good Employer and Pro SMB_H1'25_TTD_Instream Video_1P OE AUDIENCE_Cross-Platform Enhanced Pre-Roll,KRG-9qcd-43672,$17.00 ,$1.00 ,"301,545","$5,137.69 ",$17.04 ,"710,157,500","5,361,984","5,364,269",0.76%,5.62%,$17.03 ,100.18%
2/19/2025,Amazon U.S._RMI_Good Employer and Pro SMB_H1'25_TTD_ADHESION_1P OE AUDIENCE_Cross-Platform Runway,KRG-rlf9-43675,$7.00 ,$1.00 ,"123,953",$870.27 ,$7.02 ,"380,513,900","327,208","330,572",0.09%,37.88%,$7.02 ,100.29%
2/19/2025,Amazon U.S._RMI_Good Employer and Pro SMB_H1'25_TTD_In-Article_300x250_1P OE AUDIENCE_Cross-Platform Venti Display,KRG-x8c8-43674,$6.29 ,$1.00 ,"139,336",$880.34 ,$6.32 ,"1,014,217,000","474,554","477,381",0.05%,29.36%,$6.32 ,100.48%
2/19/2025,Amazon U.S._RMI_Good Employer and Pro SMB_H1'25_TTD_In-Article_300x250_1P OE AUDIENCE_Cross-Platform Venti Video,KRG-pja5-43673,$7.29 ,$1.00 ,"548,010","$4,015.85 ",$7.33 ,"1,014,217,000","1,839,376","1,847,246",0.18%,29.79%,$7.42 ,101.78%
2/20/2025,Amazon U.S._RMI_Good Employer and Pro SMB_H1'25_TTD_Instream Video_1P OE AUDIENCE_Cross-Platform Enhanced Pre-Roll,KRG-9qcd-43672,$17.00 ,$1.00 ,"372,233","$6,344.80 ",$17.05 ,"671,294,100","6,368,198","6,368,979",0.95%,5.85%,$17.03 ,100.18%
2/20/2025,Amazon U.S._RMI_Good Employer and Pro SMB_H1'25_TTD_ADHESION_1P OE AUDIENCE_Cross-Platform Runway,KRG-rlf9-43675,$7.00 ,$1.00 ,"125,941",$885.68 ,$7.03 ,"354,892,300","363,307","364,261",0.10%,34.67%,$7.02 ,100.29%
2/20/2025,Amazon U.S._RMI_Good Employer and Pro SMB_H1'25_TTD_In-Article_300x250_1P OE AUDIENCE_Cross-Platform Venti Video,KRG-pja5-43673,$7.29 ,$1.00 ,"559,759","$4,097.53 ",$7.32 ,"981,547,600","1,805,678","1,813,440",0.18%,31.00%,$7.31 ,100.27%
2/20/2025,Amazon U.S._RMI_Good Employer and Pro SMB_H1'25_TTD_In-Article_300x250_1P OE AUDIENCE_Cross-Platform Venti Display,KRG-x8c8-43674,$6.29 ,$1.00 ,"141,847",$896.99 ,$6.32 ,"981,547,600","490,137","493,115",0.05%,28.94%,$6.32 ,100.48%
2/21/2025,Amazon U.S._RMI_Good Employer and Pro SMB_H1'25_TTD_Instream Video_1P OE AUDIENCE_Cross-Platform Enhanced Pre-Roll,KRG-9qcd-43672,$17.00 ,$1.00 ,"342,824","$5,844.22 ",$17.05 ,"644,005,000","6,182,716","6,183,674",0.96%,5.54%,$17.03 ,100.18%
2/21/2025,Amazon U.S._RMI_Good Employer and Pro SMB_H1'25_TTD_In-Article_300x250_1P OE AUDIENCE_Cross-Platform Venti Display,KRG-x8c8-43674,$6.29 ,$1.00 ,"141,517",$895.09 ,$6.32 ,"935,094,400","569,981","572,411",0.06%,24.83%,$6.31 ,100.32%
2/21/2025,Amazon U.S._RMI_Good Employer and Pro SMB_H1'25_TTD_In-Article_300x250_1P OE AUDIENCE_Cross-Platform Venti Video,KRG-pja5-43673,$7.29 ,$1.00 ,"557,287","$4,084.36 ",$7.33 ,"935,094,400","2,027,539","2,032,740",0.22%,27.49%,$7.31 ,100.27%
2/21/2025,Amazon U.S._RMI_Good Employer and Pro SMB_H1'25_TTD_ADHESION_1P OE AUDIENCE_Cross-Platform Runway,KRG-rlf9-43675,$7.00 ,$1.00 ,"125,578",$882.64 ,$7.03 ,"340,354,100","380,667","382,202",0.11%,32.99%,$7.02 ,100.29%
2/22/2025,Amazon U.S._RMI_Good Employer and Pro SMB_H1'25_TTD_In-Article_300x250_1P OE AUDIENCE_Cross-Platform Venti Display,KRG-x8c8-43674,$6.29 ,$1.00 ,"139,058",$876.49 ,$6.30 ,"910,163,800","567,239","569,217",0.06%,24.51%,$6.31 ,100.32%
2/22/2025,Amazon U.S._RMI_Good Employer and Pro SMB_H1'25_TTD_In-Article_300x250_1P OE AUDIENCE_Cross-Platform Venti Video,KRG-pja5-43673,$7.29 ,$1.00 ,"551,598","$4,027.82 ",$7.30 ,"910,163,800","2,118,642","2,123,226",0.23%,26.04%,$7.30 ,100.14%
2/22/2025,Amazon U.S._RMI_Good Employer and Pro SMB_H1'25_TTD_ADHESION_1P OE AUDIENCE_Cross-Platform Runway,KRG-rlf9-43675,$7.00 ,$1.00 ,"125,046",$876.52 ,$7.01 ,"352,443,800","396,228","398,145",0.11%,31.56%,$7.01 ,100.14%
2/22/2025,Amazon U.S._RMI_Good Employer and Pro SMB_H1'25_TTD_Instream Video_1P OE AUDIENCE_Cross-Platform Enhanced Pre-Roll,KRG-9qcd-43672,$17.00 ,$1.00 ,"289,955","$4,935.02 ",$17.02 ,"690,740,300","5,874,574","5,875,711",0.85%,4.94%,$17.01 ,100.06%
2/23/2025,Amazon U.S._RMI_Good Employer and Pro SMB_H1'25_TTD_ADHESION_1P OE AUDIENCE_Cross-Platform Runway,KRG-rlf9-43675,$7.00 ,$1.00 ,"124,676",$873.81 ,$7.01 ,"396,087,400","372,848","374,153",0.09%,33.44%,$7.01 ,100.14%
2/23/2025,Amazon U.S._RMI_Good Employer and Pro SMB_H1'25_TTD_In-Article_300x250_1P OE AUDIENCE_Cross-Platform Venti Display,KRG-x8c8-43674,$6.29 ,$1.00 ,"138,992",$877.16 ,$6.31 ,"965,955,000","613,640","615,467",0.06%,22.65%,$6.32 ,100.48%
2/23/2025,Amazon U.S._RMI_Good Employer and Pro SMB_H1'25_TTD_In-Article_300x250_1P OE AUDIENCE_Cross-Platform Venti Video,KRG-pja5-43673,$7.29 ,$1.00 ,"548,032","$4,003.30 ",$7.30 ,"965,955,000","2,228,695","2,233,441",0.23%,24.59%,$7.30 ,100.14%
2/23/2025,Amazon U.S._RMI_Good Employer and Pro SMB_H1'25_TTD_Instream Video_1P OE AUDIENCE_Cross-Platform Enhanced Pre-Roll,KRG-9qcd-43672,$17.00 ,$1.00 ,"199,042","$3,388.47 ",$17.02 ,"773,798,600","6,039,979","6,040,763",0.78%,3.30%,$17.02 ,100.12%
2/24/2025,Amazon U.S._RMI_Good Employer and Pro SMB_H1'25_TTD_In-Article_300x250_1P OE AUDIENCE_Cross-Platform Venti Video,KRG-pja5-43673,$7.29 ,$1.00 ,"552,375","$4,034.05 ",$7.30 ,"1,011,908,100","1,886,512","1,895,424",0.19%,29.28%,$7.30 ,100.14%
2/24/2025,Amazon U.S._RMI_Good Employer and Pro SMB_H1'25_TTD_Instream Video_1P OE AUDIENCE_Cross-Platform Enhanced Pre-Roll,KRG-9qcd-43672,$17.00 ,$1.00 ,"259,263","$4,422.11 ",$17.06 ,"696,546,000","5,635,241","5,635,803",0.81%,4.60%,$17.09 ,100.53%
2/24/2025,Amazon U.S._RMI_Good Employer and Pro SMB_H1'25_TTD_ADHESION_1P OE AUDIENCE_Cross-Platform Runway,KRG-rlf9-43675,$7.00 ,$1.00 ,"124,958",$876.29 ,$7.01 ,"355,871,400","377,435","379,253",0.11%,33.11%,$7.01 ,100.14%
2/24/2025,Amazon U.S._RMI_Good Employer and Pro SMB_H1'25_TTD_In-Article_300x250_1P OE AUDIENCE_Cross-Platform Venti Display,KRG-x8c8-43674,$6.29 ,$1.00 ,"140,746",$887.64 ,$6.31 ,"1,011,908,100","504,372","506,795",0.05%,27.91%,$6.32 ,100.48%
2/25/2025,Amazon U.S._RMI_Good Employer and Pro SMB_H1'25_TTD_Instream Video_1P OE AUDIENCE_Cross-Platform Enhanced Pre-Roll,KRG-9qcd-43672,$17.00 ,$1.00 ,"307,990","$5,399.59 ",$17.53 ,"670,862,700","5,099,575","5,099,961",0.76%,6.04%,$17.58 ,103.41%
2/25/2025,Amazon U.S._RMI_Good Employer and Pro SMB_H1'25_TTD_ADHESION_1P OE AUDIENCE_Cross-Platform Runway,KRG-rlf9-43675,$7.00 ,$1.00 ,"124,483",$873.20 ,$7.01 ,"350,377,200","360,188","360,940",0.10%,34.56%,$7.02 ,100.29%
2/25/2025,Amazon U.S._RMI_Good Employer and Pro SMB_H1'25_TTD_In-Article_300x250_1P OE AUDIENCE_Cross-Platform Venti Display,KRG-x8c8-43674,$6.29 ,$1.00 ,"139,166",$879.52 ,$6.32 ,"994,327,500","450,357","453,175",0.05%,30.90%,$6.34 ,100.79%
2/25/2025,Amazon U.S._RMI_Good Employer and Pro SMB_H1'25_TTD_In-Article_300x250_1P OE AUDIENCE_Cross-Platform Venti Video,KRG-pja5-43673,$7.29 ,$1.00 ,"553,250","$4,044.03 ",$7.31 ,"994,327,500","1,770,575","1,783,475",0.18%,31.25%,$7.31 ,100.27%
2/26/2025,Amazon U.S._RMI_Good Employer and Pro SMB_H1'25_TTD_In-Article_300x250_1P OE AUDIENCE_Cross-Platform Venti Video,KRG-pja5-43673,$7.29 ,$1.00 ,"535,181","$3,910.00 ",$7.31 ,"1,007,704,100","1,607,401","1,612,234",0.16%,33.29%,$7.31 ,100.27%
2/26/2025,Amazon U.S._RMI_Good Employer and Pro SMB_H1'25_TTD_In-Article_300x250_1P OE AUDIENCE_Cross-Platform Venti Display,KRG-x8c8-43674,$6.29 ,$1.00 ,"136,222",$859.65 ,$6.31 ,"1,007,704,100","443,475","445,549",0.04%,30.72%,$6.32 ,100.48%
2/26/2025,Amazon U.S._RMI_Good Employer and Pro SMB_H1'25_TTD_ADHESION_1P OE AUDIENCE_Cross-Platform Runway,KRG-rlf9-43675,$7.00 ,$1.00 ,"121,403",$851.10 ,$7.01 ,"345,442,600","319,352","320,437",0.09%,38.02%,$7.01 ,100.14%
2/26/2025,Amazon U.S._RMI_Good Employer and Pro SMB_H1'25_TTD_Instream Video_1P OE AUDIENCE_Cross-Platform Enhanced Pre-Roll,KRG-9qcd-43672,$17.00 ,$1.00 ,"651,224","$12,295.18 ",$18.88 ,"655,269,400","4,374,922","4,375,689",0.67%,14.89%,$18.93 ,111.35%
2/27/2025,Amazon U.S._RMI_Good Employer and Pro SMB_H1'25_TTD_In-Article_300x250_1P OE AUDIENCE_Cross-Platform Venti Display,KRG-x8c8-43674,$6.29 ,$1.00 ,"127,458",$803.00 ,$6.30 ,"1,011,337,400","433,296","436,229",0.04%,29.42%,$6.30 ,100.16%
2/27/2025,Amazon U.S._RMI_Good Employer and Pro SMB_H1'25_TTD_ADHESION_1P OE AUDIENCE_Cross-Platform Runway,KRG-rlf9-43675,$7.00 ,$1.00 ,"115,085",$807.12 ,$7.01 ,"346,304,100","355,690","356,154",0.10%,32.36%,$7.01 ,100.14%
2/27/2025,Amazon U.S._RMI_Good Employer and Pro SMB_H1'25_TTD_Instream Video_1P OE AUDIENCE_Cross-Platform Enhanced Pre-Roll,KRG-9qcd-43672,$17.00 ,$1.00 ,"744,628","$14,182.27 ",$19.05 ,"649,352,500","4,619,899","4,620,539",0.71%,16.12%,$19.10 ,112.35%
2/27/2025,Amazon U.S._RMI_Good Employer and Pro SMB_H1'25_TTD_In-Article_300x250_1P OE AUDIENCE_Cross-Platform Venti Video,KRG-pja5-43673,$7.29 ,$1.00 ,"508,089","$3,709.83 ",$7.30 ,"1,011,337,400","1,638,535","1,642,834",0.16%,31.01%,$7.30 ,100.14%
2/28/2025,Amazon U.S._RMI_Good Employer and Pro SMB_H1'25_TTD_ADHESION_1P OE AUDIENCE_Cross-Platform Runway,KRG-rlf9-43675,$7.00 ,$1.00 ,"218,697","$1,533.43 ",$7.01 ,"312,009,800","532,709","534,706",0.17%,41.05%,$7.01 ,100.14%
2/28/2025,Amazon U.S._RMI_Good Employer and Pro SMB_H1'25_TTD_In-Article_300x250_1P OE AUDIENCE_Cross-Platform Venti Video,KRG-pja5-43673,$7.29 ,$1.00 ,"207,832","$1,517.37 ",$7.30 ,"960,873,100","540,965","542,512",0.06%,38.42%,$7.30 ,100.14%
2/28/2025,Amazon U.S._RMI_Good Employer and Pro SMB_H1'25_TTD_In-Article_300x250_1P OE AUDIENCE_Cross-Platform Venti Display,KRG-x8c8-43674,$6.29 ,$1.00 ,"252,107","$1,588.92 ",$6.30 ,"960,873,100","756,520","759,225",0.08%,33.32%,$6.30 ,100.16%
2/28/2025,Amazon U.S._RMI_Good Employer and Pro SMB_H1'25_TTD_Instream Video_1P OE AUDIENCE_Cross-Platform Enhanced Pre-Roll,KRG-9qcd-43672,$17.00 ,$1.00 ,"462,537","$8,642.74 ",$18.69 ,"616,849,600","2,677,885","2,678,231",0.43%,17.27%,$18.70 ,110.00%
3/1/2025,Amazon U.S._RMI_Good Employer and Pro SMB_H1'25_TTD_ADHESION_1P OE AUDIENCE_Cross-Platform Runway,KRG-rlf9-43675,$7.00 ,$1.00 ,"167,621","$1,175.58 ",$7.01 ,"339,853,200","373,563","376,577",0.11%,44.87%,$7.01 ,100.14%
3/1/2025,Amazon U.S._RMI_Good Employer and Pro SMB_H1'25_TTD_In-Article_300x250_1P OE AUDIENCE_Cross-Platform Venti Display,KRG-x8c8-43674,$6.29 ,$1.00 ,"195,757","$1,236.54 ",$6.32 ,"925,385,600","582,866","585,805",0.06%,33.59%,$6.33 ,100.64%
3/1/2025,Amazon U.S._RMI_Good Employer and Pro SMB_H1'25_TTD_Instream Video_1P OE AUDIENCE_Cross-Platform Enhanced Pre-Roll,KRG-9qcd-43672,$17.00 ,$1.00 ,"583,671","$10,964.07 ",$18.78 ,"649,370,800","3,775,079","3,775,533",0.58%,15.46%,$18.80 ,110.59%
3/1/2025,Amazon U.S._RMI_Good Employer and Pro SMB_H1'25_TTD_In-Article_300x250_1P OE AUDIENCE_Cross-Platform Venti Video,KRG-pja5-43673,$7.29 ,$1.00 ,"160,707","$1,174.80 ",$7.31 ,"925,385,600","424,206","425,892",0.05%,37.88%,$7.31 ,100.27%
3/2/2025,Amazon U.S._RMI_Good Employer and Pro SMB_H1'25_TTD_In-Article_300x250_1P OE AUDIENCE_Cross-Platform Venti Display,KRG-x8c8-43674,$6.29 ,$1.00 ,"117,102",$741.15 ,$6.33 ,"1,017,005,800","383,499","386,791",0.04%,30.54%,$6.36 ,101.11%
3/2/2025,Amazon U.S._RMI_Good Employer and Pro SMB_H1'25_TTD_ADHESION_1P OE AUDIENCE_Cross-Platform Runway,KRG-rlf9-43675,$7.00 ,$1.00 ,"126,528",$888.78 ,$7.02 ,"388,413,200","347,988","354,016",0.09%,36.36%,$7.03 ,100.43%
3/2/2025,Amazon U.S._RMI_Good Employer and Pro SMB_H1'25_TTD_Instream Video_1P OE AUDIENCE_Cross-Platform Enhanced Pre-Roll,KRG-9qcd-43672,$17.00 ,$1.00 ,"255,688","$4,780.38 ",$18.70 ,"781,405,100","1,516,699","1,517,017",0.19%,16.86%,$18.71 ,110.06%
3/2/2025,Amazon U.S._RMI_Good Employer and Pro SMB_H1'25_TTD_In-Article_300x250_1P OE AUDIENCE_Cross-Platform Venti Video,KRG-pja5-43673,$7.29 ,$1.00 ,"216,830","$1,585.34 ",$7.31 ,"1,017,005,800","673,200","678,561",0.07%,32.21%,$7.31 ,100.27%
3/3/2025,Amazon U.S._RMI_Good Employer and Pro SMB_H1'25_TTD_In-Article_300x250_1P OE AUDIENCE_Cross-Platform Venti Video,KRG-pja5-43673,$7.29 ,$1.00 ,"534,743","$3,906.15 ",$7.30 ,"1,071,022,300","1,577,049","1,623,295",0.15%,33.91%,$7.32 ,100.41%
3/3/2025,Amazon U.S._RMI_Good Employer and Pro SMB_H1'25_TTD_ADHESION_1P OE AUDIENCE_Cross-Platform Runway,KRG-rlf9-43675,$7.00 ,$1.00 ,"203,632","$1,430.17 ",$7.02 ,"372,616,800","586,476","597,625",0.16%,34.72%,$7.04 ,100.57%
3/3/2025,Amazon U.S._RMI_Good Employer and Pro SMB_H1'25_TTD_Instream Video_1P OE AUDIENCE_Cross-Platform Enhanced Pre-Roll,KRG-9qcd-43672,$17.00 ,$1.00 ,"235,806","$4,128.28 ",$17.51 ,"722,157,300","1,323,433","1,323,923",0.18%,17.82%,$17.50 ,102.94%
3/3/2025,Amazon U.S._RMI_Good Employer and Pro SMB_H1'25_TTD_In-Article_300x250_1P OE AUDIENCE_Cross-Platform Venti Display,KRG-x8c8-43674,$6.29 ,$1.00 ,"580,718","$3,669.51 ",$6.32 ,"1,071,022,300","1,881,532","1,946,152",0.18%,30.86%,$6.36 ,101.11%
3/4/2025,Amazon U.S._RMI_Good Employer and Pro SMB_H1'25_TTD_ADHESION_1P OE AUDIENCE_Cross-Platform Runway,KRG-rlf9-43675,$7.00 ,$1.00 ,"208,677","$1,465.16 ",$7.02 ,"355,837,300","566,736","575,521",0.16%,36.82%,$7.04 ,100.57%
3/4/2025,Amazon U.S._RMI_Good Employer and Pro SMB_H1'25_TTD_In-Article_300x250_1P OE AUDIENCE_Cross-Platform Venti Video,KRG-pja5-43673,$7.29 ,$1.00 ,"480,323","$3,506.56 ",$7.30 ,"1,049,013,900","1,305,627","1,327,793",0.12%,36.79%,$7.31 ,100.27%
3/4/2025,Amazon U.S._RMI_Good Employer and Pro SMB_H1'25_TTD_In-Article_300x250_1P OE AUDIENCE_Cross-Platform Venti Display,KRG-x8c8-43674,$6.29 ,$1.00 ,"646,445","$4,080.38 ",$6.31 ,"1,049,013,900","2,129,472","2,202,239",0.20%,30.36%,$6.35 ,100.95%
3/4/2025,Amazon U.S._RMI_Good Employer and Pro SMB_H1'25_TTD_Instream Video_1P OE AUDIENCE_Cross-Platform Enhanced Pre-Roll,KRG-9qcd-43672,$17.00 ,$1.00 ,"239,262","$4,137.35 ",$17.29 ,"669,745,300","1,047,106","1,047,477",0.16%,22.85%,$17.35 ,102.06%
3/5/2025,Amazon U.S._RMI_Good Employer and Pro SMB_H1'25_TTD_ADHESION_1P OE AUDIENCE_Cross-Platform Runway,KRG-rlf9-43675,$7.00 ,$1.00 ,"190,030","$1,333.42 ",$7.02 ,"356,337,900","542,894","554,175",0.15%,35.00%,$7.02 ,100.29%
3/5/2025,Amazon U.S._RMI_Good Employer and Pro SMB_H1'25_TTD_In-Article_300x250_1P OE AUDIENCE_Cross-Platform Venti Display,KRG-x8c8-43674,$6.29 ,$1.00 ,"704,852","$4,452.52 ",$6.32 ,"1,042,144,700","2,355,739","2,418,225",0.23%,29.92%,$6.34 ,100.79%
3/5/2025,Amazon U.S._RMI_Good Employer and Pro SMB_H1'25_TTD_In-Article_300x250_1P OE AUDIENCE_Cross-Platform Venti Video,KRG-pja5-43673,$7.29 ,$1.00 ,"458,553","$3,348.50 ",$7.30 ,"1,042,144,700","1,353,408","1,359,724",0.13%,33.88%,$7.31 ,100.27%
3/5/2025,Amazon U.S._RMI_Good Employer and Pro SMB_H1'25_TTD_Instream Video_1P OE AUDIENCE_Cross-Platform Enhanced Pre-Roll,KRG-9qcd-43672,$17.00 ,$1.00 ,"221,541","$4,164.15 ",$18.80 ,"663,771,300","772,365","772,744",0.12%,28.68%,$18.93 ,111.35%
3/6/2025,Amazon U.S._RMI_Good Employer and Pro SMB_H1'25_TTD_ADHESION_1P OE AUDIENCE_Cross-Platform Runway,KRG-rlf9-43675,$7.00 ,$1.00 ,"139,069",$976.01 ,$7.02 ,"349,037,300","513,850","521,129",0.15%,27.06%,$7.01 ,100.14%
3/6/2025,Amazon U.S._RMI_Good Employer and Pro SMB_H1'25_TTD_In-Article_300x250_1P OE AUDIENCE_Cross-Platform Venti Video,KRG-pja5-43673,$7.29 ,$1.00 ,"88,715",$647.75 ,$7.30 ,"1,008,741,700","284,939","286,753",0.03%,31.13%,$7.30 ,100.14%
3/6/2025,Amazon U.S._RMI_Good Employer and Pro SMB_H1'25_TTD_In-Article_300x250_1P OE AUDIENCE_Cross-Platform Venti Display,KRG-x8c8-43674,$6.29 ,$1.00 ,"549,644","$3,466.82 ",$6.31 ,"1,008,741,700","2,483,743","2,502,228",0.25%,22.13%,$6.31 ,100.32%
3/6/2025,Amazon U.S._RMI_Good Employer and Pro SMB_H1'25_TTD_Instream Video_1P OE AUDIENCE_Cross-Platform Enhanced Pre-Roll,KRG-9qcd-43672,$17.00 ,$1.00 ,"341,163","$6,536.13 ",$19.16 ,"659,587,000","1,077,938","1,079,673",0.16%,31.65%,$19.22 ,113.06%
3/7/2025,Amazon U.S._RMI_Good Employer and Pro SMB_H1'25_TTD_ADHESION_1P OE AUDIENCE_Cross-Platform Runway,KRG-rlf9-43675,$7.00 ,$1.00 ,"137,637",$965.36 ,$7.01 ,"346,249,400","342,520","343,967",0.10%,40.18%,$7.01 ,100.14%
3/7/2025,Amazon U.S._RMI_Good Employer and Pro SMB_H1'25_TTD_CTV_Sports,KRG-81ro-44474,$26.50 ,$0.00 ,0,$0.00 ,$0.00 ,"62,691,000",0,0,0.00%,0.00%,$0.00 ,0.00%
3/7/2025,Amazon U.S._RMI_Good Employer and Pro SMB_H1'25_TTD_In-Article_300x250_1P OE AUDIENCE_Cross-Platform Venti Display,KRG-x8c8-43674,$6.29 ,$1.00 ,"400,839","$2,527.25 ",$6.30 ,"988,920,000","1,268,337","1,271,376",0.13%,31.60%,$6.31 ,100.32%
3/7/2025,Amazon U.S._RMI_Good Employer and Pro SMB_H1'25_TTD_In-Article_300x250_1P OE AUDIENCE_Cross-Platform Venti Video,KRG-pja5-43673,$7.29 ,$1.00 ,"234,012","$1,708.68 ",$7.30 ,"988,920,000","646,004","646,752",0.07%,36.22%,$7.30 ,100.14%
3/7/2025,Amazon U.S._RMI_Good Employer and Pro SMB_H1'25_TTD_Instream Video_1P OE AUDIENCE_Cross-Platform Enhanced Pre-Roll,KRG-9qcd-43672,$17.00 ,$1.00 ,"568,449","$10,955.49 ",$19.27 ,"638,355,900","1,868,421","1,868,796",0.29%,30.42%,$19.28 ,113.41%
3/7/2025,Amazon U.S._RMI_Good Employer and Pro SMB_H1'25_TTD_Enhanced CTV,KRG-0gx7-44475,$26.50 ,$0.00 ,0,$0.00 ,$0.00 ,"1,057,517,100",0,0,0.00%,0.00%,$0.00 ,0.00%
3/8/2025,Amazon U.S._RMI_Good Employer and Pro SMB_H1'25_TTD_In-Article_300x250_1P OE AUDIENCE_Cross-Platform Venti Display,KRG-x8c8-43674,$6.29 ,$1.00 ,"378,921","$2,394.38 ",$6.32 ,"948,277,600","1,557,782","1,564,642",0.16%,24.32%,$6.33 ,100.64%
3/8/2025,Amazon U.S._RMI_Good Employer and Pro SMB_H1'25_TTD_CTV_Sports,KRG-81ro-44474,$26.50 ,$0.00 ,0,$0.00 ,$0.00 ,"42,325,400",0,0,0.00%,0.00%,$0.00 ,0.00%
3/8/2025,Amazon U.S._RMI_Good Employer and Pro SMB_H1'25_TTD_Enhanced CTV,KRG-0gx7-44475,$26.50 ,$0.00 ,0,$0.00 ,$0.00 ,"7,262,004,800",0,0,0.00%,0.00%,$0.00 ,0.00%
3/8/2025,Amazon U.S._RMI_Good Employer and Pro SMB_H1'25_TTD_ADHESION_1P OE AUDIENCE_Cross-Platform Runway,KRG-rlf9-43675,$7.00 ,$1.00 ,"221,596","$1,554.71 ",$7.02 ,"379,464,400","681,719","687,461",0.18%,32.51%,$7.01 ,100.14%
3/8/2025,Amazon U.S._RMI_Good Employer and Pro SMB_H1'25_TTD_In-Article_300x250_1P OE AUDIENCE_Cross-Platform Venti Video,KRG-pja5-43673,$7.29 ,$1.00 ,"37,901",$276.77 ,$7.30 ,"948,277,600","116,492","116,776",0.01%,32.54%,$7.30 ,100.14%
3/8/2025,Amazon U.S._RMI_Good Employer and Pro SMB_H1'25_TTD_Instream Video_1P OE AUDIENCE_Cross-Platform Enhanced Pre-Roll,KRG-9qcd-43672,$17.00 ,$1.00 ,"437,941","$8,420.84 ",$19.23 ,"668,143,700","1,670,411","1,670,710",0.25%,26.22%,$19.20 ,112.94%
3/9/2025,Amazon U.S._RMI_Good Employer and Pro SMB_H1'25_TTD_Enhanced CTV,KRG-0gx7-44475,$26.50 ,$0.00 ,0,$0.00 ,$0.00 ,"7,473,464,500",0,0,0.00%,0.00%,$0.00 ,0.00%
3/9/2025,Amazon U.S._RMI_Good Employer and Pro SMB_H1'25_TTD_CTV_Sports,KRG-81ro-44474,$26.50 ,$0.00 ,0,$0.00 ,$0.00 ,"30,199,500",0,0,0.00%,0.00%,$0.00 ,0.00%
3/9/2025,Amazon U.S._RMI_Good Employer and Pro SMB_H1'25_TTD_ADHESION_1P OE AUDIENCE_Cross-Platform Runway,KRG-rlf9-43675,$7.00 ,$1.00 ,"175,897","$1,234.77 ",$7.02 ,"396,956,100","577,440","580,942",0.15%,30.46%,$7.03 ,100.43%
3/9/2025,Amazon U.S._RMI_Good Employer and Pro SMB_H1'25_TTD_In-Article_300x250_1P OE AUDIENCE_Cross-Platform Venti Video,KRG-pja5-43673,$7.29 ,$1.00 ,"212,490","$1,551.61 ",$7.30 ,"1,001,345,800","613,980","615,756",0.06%,34.61%,$7.31 ,100.27%
3/9/2025,Amazon U.S._RMI_Good Employer and Pro SMB_H1'25_TTD_In-Article_300x250_1P OE AUDIENCE_Cross-Platform Venti Display,KRG-x8c8-43674,$6.29 ,$1.00 ,"373,549","$2,363.03 ",$6.33 ,"1,001,345,800","1,504,649","1,519,600",0.15%,24.83%,$6.35 ,100.95%
3/9/2025,Amazon U.S._RMI_Good Employer and Pro SMB_H1'25_TTD_Instream Video_1P OE AUDIENCE_Cross-Platform Enhanced Pre-Roll,KRG-9qcd-43672,$17.00 ,$1.00 ,"554,359","$10,929.03 ",$19.71 ,"759,636,700","1,838,214","1,838,493",0.24%,30.16%,$19.80 ,116.47%
3/10/2025,Amazon U.S._RMI_Good Employer and Pro SMB_H1'25_TTD_CTV_Sports,KRG-81ro-44474,$26.50 ,$0.00 ,0,$0.00 ,$0.00 ,"49,896,200",0,0,0.00%,0.00%,$0.00 ,0.00%
3/10/2025,Amazon U.S._RMI_Good Employer and Pro SMB_H1'25_TTD_In-Article_300x250_1P OE AUDIENCE_Cross-Platform Venti Video,KRG-pja5-43673,$7.29 ,$1.00 ,"274,518","$2,005.07 ",$7.30 ,"1,015,267,300","786,265","789,854",0.08%,34.91%,$7.31 ,100.27%
3/10/2025,Amazon U.S._RMI_Good Employer and Pro SMB_H1'25_TTD_In-Article_300x250_1P OE AUDIENCE_Cross-Platform Venti Display,KRG-x8c8-43674,$6.29 ,$1.00 ,"368,743","$2,331.04 ",$6.32 ,"1,015,267,300","1,241,507","1,259,659",0.12%,29.70%,$6.35 ,100.95%
3/10/2025,Amazon U.S._RMI_Good Employer and Pro SMB_H1'25_TTD_Enhanced CTV,KRG-0gx7-44475,$26.50 ,$0.00 ,0,$0.00 ,$0.00 ,"7,093,128,600",0,0,0.00%,0.00%,$0.00 ,0.00%
3/10/2025,Amazon U.S._RMI_Good Employer and Pro SMB_H1'25_TTD_Instream Video_1P OE AUDIENCE_Cross-Platform Enhanced Pre-Roll,KRG-9qcd-43672,$17.00 ,$1.00 ,"550,236","$10,855.05 ",$19.73 ,"684,363,400","1,810,712","1,810,931",0.26%,30.39%,$19.83 ,116.65%
3/10/2025,Amazon U.S._RMI_Good Employer and Pro SMB_H1'25_TTD_ADHESION_1P OE AUDIENCE_Cross-Platform Runway,KRG-rlf9-43675,$7.00 ,$1.00 ,"112,008",$787.23 ,$7.03 ,"363,173,900","315,349","316,870",0.09%,35.52%,$7.04 ,100.57%
3/11/2025,Amazon U.S._RMI_Good Employer and Pro SMB_H1'25_TTD_In-Article_300x250_1P OE AUDIENCE_Cross-Platform Venti Display,KRG-x8c8-43674,$6.29 ,$1.00 ,"454,488","$2,865.73 ",$6.31 ,"992,034,700","1,791,095","1,805,011",0.18%,25.37%,$6.31 ,100.32%
3/11/2025,Amazon U.S._RMI_Good Employer and Pro SMB_H1'25_TTD_Enhanced CTV,KRG-0gx7-44475,$26.50 ,$0.00 ,0,$0.00 ,$0.00 ,"6,392,420,900",0,0,0.00%,0.00%,$0.00 ,0.00%
3/11/2025,Amazon U.S._RMI_Good Employer and Pro SMB_H1'25_TTD_ADHESION_1P OE AUDIENCE_Cross-Platform Runway,KRG-rlf9-43675,$7.00 ,$1.00 ,"141,608",$993.34 ,$7.01 ,"344,089,600","529,346","531,692",0.15%,26.75%,$7.02 ,100.29%
3/11/2025,Amazon U.S._RMI_Good Employer and Pro SMB_H1'25_TTD_Instream Video_1P OE AUDIENCE_Cross-Platform Enhanced Pre-Roll,KRG-9qcd-43672,$17.00 ,$1.00 ,"552,309","$10,823.95 ",$19.60 ,"642,615,000","1,785,056","1,785,789",0.28%,30.94%,$19.71 ,115.94%
3/11/2025,Amazon U.S._RMI_Good Employer and Pro SMB_H1'25_TTD_CTV_Sports,KRG-81ro-44474,$26.50 ,$0.00 ,0,$0.00 ,$0.00 ,"59,133,900",0,0,0.00%,0.00%,$0.00 ,0.00%
3/11/2025,Amazon U.S._RMI_Good Employer and Pro SMB_H1'25_TTD_In-Article_300x250_1P OE AUDIENCE_Cross-Platform Venti Video,KRG-pja5-43673,$7.29 ,$1.00 ,"177,147","$1,292.80 ",$7.30 ,"992,034,700","533,540","535,349",0.05%,33.20%,$7.30 ,100.14%
3/12/2025,Amazon U.S._RMI_Good Employer and Pro SMB_H1'25_TTD_Instream Video_1P OE AUDIENCE_Cross-Platform Enhanced Pre-Roll,KRG-9qcd-43672,$17.00 ,$1.00 ,"548,851","$10,765.32 ",$19.61 ,"626,343,300","1,659,340","1,666,924",0.26%,33.08%,$19.73 ,116.06%
3/12/2025,Amazon U.S._RMI_Good Employer and Pro SMB_H1'25_TTD_ADHESION_1P OE AUDIENCE_Cross-Platform Runway,KRG-rlf9-43675,$7.00 ,$1.00 ,"146,401","$1,026.87 ",$7.01 ,"335,830,300","479,455","480,464",0.14%,30.53%,$7.01 ,100.14%
3/12/2025,Amazon U.S._RMI_Good Employer and Pro SMB_H1'25_TTD_In-Article_300x250_1P OE AUDIENCE_Cross-Platform Venti Display,KRG-x8c8-43674,$6.29 ,$1.00 ,"387,577","$2,443.90 ",$6.31 ,"981,465,900","1,532,971","1,546,175",0.16%,25.28%,$6.31 ,100.32%
3/12/2025,Amazon U.S._RMI_Good Employer and Pro SMB_H1'25_TTD_In-Article_300x250_1P OE AUDIENCE_Cross-Platform Venti Video,KRG-pja5-43673,$7.29 ,$1.00 ,"228,393","$1,667.33 ",$7.30 ,"981,465,900","666,502","670,666",0.07%,34.27%,$7.30 ,100.14%
3/12/2025,Amazon U.S._RMI_Good Employer and Pro SMB_H1'25_TTD_Enhanced CTV,KRG-0gx7-44475,$26.50 ,$0.00 ,0,$0.00 ,$0.00 ,"6,369,097,600",0,0,0.00%,0.00%,$0.00 ,0.00%
3/13/2025,Amazon U.S._RMI_Good Employer and Pro SMB_H1'25_TTD_In-Article_300x250_1P OE AUDIENCE_Cross-Platform Venti Display,KRG-x8c8-43674,$6.29 ,$1.00 ,"381,943","$2,407.09 ",$6.30 ,"958,000,700","1,661,004","1,794,877",0.17%,22.99%,$5.95 ,94.59%
3/13/2025,Amazon U.S._RMI_Good Employer and Pro SMB_H1'25_TTD_Instream Video_1P OE AUDIENCE_Cross-Platform Enhanced Pre-Roll,KRG-9qcd-43672,$17.00 ,$1.00 ,"572,395","$10,732.37 ",$18.75 ,"603,402,200","1,983,301","2,063,069",0.33%,28.86%,$18.14 ,106.71%
3/13/2025,Amazon U.S._RMI_Good Employer and Pro SMB_H1'25_TTD_Enhanced CTV,KRG-0gx7-44475,$26.50 ,$0.00 ,0,$0.00 ,$0.00 ,"6,306,344,800",0,0,0.00%,0.00%,$0.00 ,0.00%
3/13/2025,Amazon U.S._RMI_Good Employer and Pro SMB_H1'25_TTD_ADHESION_1P OE AUDIENCE_Cross-Platform Runway,KRG-rlf9-43675,$7.00 ,$1.00 ,"121,198",$850.13 ,$7.01 ,"328,908,700","477,825","485,776",0.15%,25.36%,$7.01 ,100.14%
3/13/2025,Amazon U.S._RMI_Good Employer and Pro SMB_H1'25_TTD_In-Article_300x250_1P OE AUDIENCE_Cross-Platform Venti Video,KRG-pja5-43673,$7.29 ,$1.00 ,"254,869","$1,860.21 ",$7.30 ,"958,000,700","948,114","960,572",0.10%,26.88%,$7.30 ,100.14%
3/14/2025,Amazon U.S._RMI_Good Employer and Pro SMB_H1'25_TTD_Instream Video_1P OE AUDIENCE_Cross-Platform Enhanced Pre-Roll,KRG-9qcd-43672,$17.00 ,$1.00 ,"592,741","$10,543.24 ",$17.79 ,"549,118,700","2,497,433","2,659,840",0.45%,23.73%,$16.94 ,99.65%
3/14/2025,Amazon U.S._RMI_Good Employer and Pro SMB_H1'25_TTD_In-Article_300x250_1P OE AUDIENCE_Cross-Platform Venti Display,KRG-x8c8-43674,$6.29 ,$1.00 ,"457,899","$2,885.74 ",$6.30 ,"931,609,000","2,061,430","2,321,888",0.22%,22.21%,$5.78 ,91.89%
3/14/2025,Amazon U.S._RMI_Good Employer and Pro SMB_H1'25_TTD_In-Article_300x250_1P OE AUDIENCE_Cross-Platform Venti Video,KRG-pja5-43673,$7.29 ,$1.00 ,"202,536","$1,478.28 ",$7.30 ,"931,609,000","760,217","776,190",0.08%,26.64%,$7.30 ,100.14%
3/14/2025,Amazon U.S._RMI_Good Employer and Pro SMB_H1'25_TTD_Instream Video_1P OE AUDIENCE_Cross-Platform STANDARD Pre-Roll,KRG-nyw4-44580,$15.00 ,$1.00 ,"114,448","$3,466.56 ",$30.29 ,"446,615,000","373,646","373,829",0.08%,30.63%,$27.24 ,181.60%
3/14/2025,Amazon U.S._RMI_Good Employer and Pro SMB_H1'25_TTD_ADHESION_1P OE AUDIENCE_Cross-Platform Runway,KRG-rlf9-43675,$7.00 ,$1.00 ,"90,468",$634.74 ,$7.02 ,"310,083,400","318,692","321,100",0.10%,28.39%,$7.01 ,100.14%
3/14/2025,Amazon U.S._RMI_Good Employer and Pro SMB_H1'25_TTD_Enhanced CTV,KRG-0gx7-44475,$26.50 ,$0.00 ,0,$0.00 ,$0.00 ,"6,845,822,200",0,0,0.00%,0.00%,$0.00 ,0.00%
3/15/2025,Amazon U.S._RMI_Good Employer and Pro SMB_H1'25_TTD_ADHESION_1P OE AUDIENCE_Cross-Platform Runway,KRG-rlf9-43675,$7.00 ,$1.00 ,"84,774",$594.69 ,$7.02 ,"327,339,200","340,303","344,652",0.10%,24.91%,$7.02 ,100.29%
3/15/2025,Amazon U.S._RMI_Good Employer and Pro SMB_H1'25_TTD_Instream Video_1P OE AUDIENCE_Cross-Platform STANDARD Pre-Roll,KRG-nyw4-44580,$15.00 ,$1.00 ,"98,521","$3,117.56 ",$31.64 ,"581,294,800","334,035","334,096",0.06%,29.49%,$28.13 ,187.53%
3/15/2025,Amazon U.S._RMI_Good Employer and Pro SMB_H1'25_TTD_Enhanced CTV,KRG-0gx7-44475,$26.50 ,$0.00 ,0,$0.00 ,$0.00 ,"8,459,809,600",0,0,0.00%,0.00%,$0.00 ,0.00%
3/15/2025,Amazon U.S._RMI_Good Employer and Pro SMB_H1'25_TTD_In-Article_300x250_1P OE AUDIENCE_Cross-Platform Venti Video,KRG-pja5-43673,$7.29 ,$1.00 ,"212,949","$1,554.14 ",$7.30 ,"904,054,800","994,083","1,007,481",0.11%,21.42%,$7.30 ,100.14%
3/15/2025,Amazon U.S._RMI_Good Employer and Pro SMB_H1'25_TTD_In-Article_300x250_1P OE AUDIENCE_Cross-Platform Venti Display,KRG-x8c8-43674,$6.29 ,$1.00 ,"443,545","$2,794.99 ",$6.30 ,"904,054,800","2,226,084","2,515,096",0.25%,19.92%,$5.76 ,91.57%
3/15/2025,Amazon U.S._RMI_Good Employer and Pro SMB_H1'25_TTD_Instream Video_1P OE AUDIENCE_Cross-Platform Enhanced Pre-Roll,KRG-9qcd-43672,$17.00 ,$1.00 ,"580,157","$10,440.18 ",$18.00 ,"581,294,800","2,723,669","2,900,600",0.47%,21.30%,$17.16 ,100.94%
3/16/2025,Amazon U.S._RMI_Good Employer and Pro SMB_H1'25_TTD_Instream Video_1P OE AUDIENCE_Cross-Platform Enhanced Pre-Roll,KRG-9qcd-43672,$17.00 ,$1.00 ,"577,094","$10,400.51 ",$18.02 ,"688,315,300","2,395,642","2,630,944",0.35%,24.09%,$16.79 ,98.76%
3/16/2025,Amazon U.S._RMI_Good Employer and Pro SMB_H1'25_TTD_In-Article_300x250_1P OE AUDIENCE_Cross-Platform Venti Display,KRG-x8c8-43674,$6.29 ,$1.00 ,"423,783","$2,670.67 ",$6.30 ,"979,453,100","2,021,904","2,350,942",0.21%,20.96%,$5.61 ,89.19%
3/16/2025,Amazon U.S._RMI_Good Employer and Pro SMB_H1'25_TTD_ADHESION_1P OE AUDIENCE_Cross-Platform Runway,KRG-rlf9-43675,$7.00 ,$1.00 ,"84,006",$589.26 ,$7.01 ,"362,506,300","318,972","321,719",0.09%,26.34%,$7.02 ,100.29%
3/16/2025,Amazon U.S._RMI_Good Employer and Pro SMB_H1'25_TTD_Instream Video_1P OE AUDIENCE_Cross-Platform STANDARD Pre-Roll,KRG-nyw4-44580,$15.00 ,$1.00 ,"68,703","$2,415.26 ",$35.16 ,"688,315,300","226,116","226,141",0.03%,30.38%,$30.53 ,203.53%
3/16/2025,Amazon U.S._RMI_Good Employer and Pro SMB_H1'25_TTD_Enhanced CTV,KRG-0gx7-44475,$26.50 ,$0.00 ,0,$0.00 ,$0.00 ,"8,826,366,000",0,0,0.00%,0.00%,$0.00 ,0.00%
3/16/2025,Amazon U.S._RMI_Good Employer and Pro SMB_H1'25_TTD_In-Article_300x250_1P OE AUDIENCE_Cross-Platform Venti Video,KRG-pja5-43673,$7.29 ,$1.00 ,"228,623","$1,668.57 ",$7.30 ,"979,453,100","1,017,497","1,030,923",0.10%,22.47%,$7.30 ,100.14%
3/17/2025,Amazon U.S._RMI_Good Employer and Pro SMB_H1'25_TTD_Instream Video_1P OE AUDIENCE_Cross-Platform STANDARD Pre-Roll,KRG-nyw4-44580,$15.00 ,$1.00 ,"71,950","$2,373.45 ",$32.99 ,"694,740,300","239,033","239,110",0.03%,30.10%,$29.92 ,199.47%
3/17/2025,Amazon U.S._RMI_Good Employer and Pro SMB_H1'25_TTD_Enhanced CTV,KRG-0gx7-44475,$26.50 ,$0.00 ,0,$0.00 ,$0.00 ,"8,129,212,100",0,0,0.00%,0.00%,$0.00 ,0.00%
3/17/2025,Amazon U.S._RMI_Good Employer and Pro SMB_H1'25_TTD_ADHESION_1P OE AUDIENCE_Cross-Platform Runway,KRG-rlf9-43675,$7.00 ,$1.00 ,"85,850",$602.01 ,$7.01 ,"339,618,100","328,798","330,299",0.10%,26.11%,$7.02 ,100.29%
3/17/2025,Amazon U.S._RMI_Good Employer and Pro SMB_H1'25_TTD_In-Article_300x250_1P OE AUDIENCE_Cross-Platform Venti Video,KRG-pja5-43673,$7.29 ,$1.00 ,"205,428","$1,499.08 ",$7.30 ,"1,022,101,700","960,901","974,779",0.09%,21.38%,$7.30 ,100.14%
3/17/2025,Amazon U.S._RMI_Good Employer and Pro SMB_H1'25_TTD_Instream Video_1P OE AUDIENCE_Cross-Platform Enhanced Pre-Roll,KRG-9qcd-43672,$17.00 ,$1.00 ,"574,326","$10,337.94 ",$18.00 ,"694,740,300","2,523,286","2,703,376",0.36%,22.76%,$17.15 ,100.88%
3/17/2025,Amazon U.S._RMI_Good Employer and Pro SMB_H1'25_TTD_In-Article_300x250_1P OE AUDIENCE_Cross-Platform Venti Display,KRG-x8c8-43674,$6.29 ,$1.00 ,"449,654","$2,833.22 ",$6.30 ,"1,022,101,700","2,279,789","2,592,232",0.22%,19.72%,$5.73 ,91.10%
3/18/2025,Amazon U.S._RMI_Good Employer and Pro SMB_H1'25_TTD_Instream Video_1P OE AUDIENCE_Cross-Platform Enhanced Pre-Roll,KRG-9qcd-43672,$17.00 ,$1.00 ,"579,532","$10,403.60 ",$17.95 ,"649,772,100","2,825,524","2,993,704",0.43%,20.51%,$17.19 ,101.12%
3/18/2025,Amazon U.S._RMI_Good Employer and Pro SMB_H1'25_TTD_In-Article_300x250_1P OE AUDIENCE_Cross-Platform Venti Display,KRG-x8c8-43674,$6.29 ,$1.00 ,"459,940","$2,896.78 ",$6.30 ,"987,573,100","2,189,184","2,524,483",0.22%,21.01%,$5.67 ,90.14%
3/18/2025,Amazon U.S._RMI_Good Employer and Pro SMB_H1'25_TTD_Instream Video_1P OE AUDIENCE_Cross-Platform STANDARD Pre-Roll,KRG-nyw4-44580,$15.00 ,$1.00 ,"42,013","$1,383.13 ",$32.92 ,"649,772,100","140,616","140,693",0.02%,29.88%,$29.31 ,195.40%
3/18/2025,Amazon U.S._RMI_Good Employer and Pro SMB_H1'25_TTD_ADHESION_1P OE AUDIENCE_Cross-Platform Runway,KRG-rlf9-43675,$7.00 ,$1.00 ,"74,606",$523.18 ,$7.01 ,"324,708,200","272,454","274,355",0.08%,27.38%,$7.02 ,100.29%
3/18/2025,Amazon U.S._RMI_Good Employer and Pro SMB_H1'25_TTD_In-Article_300x250_1P OE AUDIENCE_Cross-Platform Venti Video,KRG-pja5-43673,$7.29 ,$1.00 ,"213,343","$1,556.83 ",$7.30 ,"987,573,100","916,836","928,759",0.09%,23.27%,$7.30 ,100.14%
3/18/2025,Amazon U.S._RMI_Good Employer and Pro SMB_H1'25_TTD_Enhanced CTV,KRG-0gx7-44475,$26.50 ,$0.00 ,0,$0.00 ,$0.00 ,"7,638,220,500",0,0,0.00%,0.00%,$0.00 ,0.00%
3/19/2025,Amazon U.S._RMI_Good Employer and Pro SMB_H1'25_TTD_Instream Video_1P OE AUDIENCE_Cross-Platform STANDARD Pre-Roll,KRG-nyw4-44580,$15.00 ,$1.00 ,"43,630","$1,391.56 ",$31.89 ,"622,125,500","149,636","149,668",0.02%,29.16%,$28.21 ,188.07%
3/19/2025,Amazon U.S._RMI_Good Employer and Pro SMB_H1'25_TTD_In-Article_300x250_1P OE AUDIENCE_Cross-Platform Venti Display,KRG-x8c8-43674,$6.29 ,$1.00 ,"431,692","$2,719.55 ",$6.30 ,"970,319,200","2,338,193","2,686,801",0.24%,18.46%,$5.69 ,90.46%
3/19/2025,Amazon U.S._RMI_Good Employer and Pro SMB_H1'25_TTD_Instream Video_1P OE AUDIENCE_Cross-Platform Enhanced Pre-Roll,KRG-9qcd-43672,$17.00 ,$1.00 ,"573,457","$10,364.31 ",$18.07 ,"622,125,500","2,636,050","2,789,526",0.42%,21.75%,$17.33 ,101.94%
3/19/2025,Amazon U.S._RMI_Good Employer and Pro SMB_H1'25_TTD_In-Article_300x250_1P OE AUDIENCE_Cross-Platform Venti Video,KRG-pja5-43673,$7.29 ,$1.00 ,"221,253","$1,614.69 ",$7.30 ,"970,319,200","1,078,700","1,095,616",0.11%,20.51%,$7.30 ,100.14%
3/19/2025,Amazon U.S._RMI_Good Employer and Pro SMB_H1'25_TTD_Enhanced CTV,KRG-0gx7-44475,$26.50 ,$0.00 ,0,$0.00 ,$0.00 ,"7,542,052,100",0,0,0.00%,0.00%,$0.00 ,0.00%
3/19/2025,Amazon U.S._RMI_Good Employer and Pro SMB_H1'25_TTD_ADHESION_1P OE AUDIENCE_Cross-Platform Runway,KRG-rlf9-43675,$7.00 ,$1.00 ,"87,019",$609.89 ,$7.01 ,"319,620,700","332,890","334,910",0.10%,26.14%,$7.01 ,100.14%
3/20/2025,Amazon U.S._RMI_Good Employer and Pro SMB_H1'25_TTD_In-Article_300x250_1P OE AUDIENCE_Cross-Platform Venti Display,KRG-x8c8-43674,$6.29 ,$1.00 ,"447,532","$2,818.07 ",$6.30 ,"1,010,251,900","2,192,466","2,537,295",0.22%,20.41%,$5.65 ,89.83%
3/20/2025,Amazon U.S._RMI_Good Employer and Pro SMB_H1'25_TTD_Instream Video_1P OE AUDIENCE_Cross-Platform STANDARD Pre-Roll,KRG-nyw4-44580,$15.00 ,$1.00 ,"37,926","$1,244.66 ",$32.82 ,"637,072,000","121,925","122,018",0.02%,31.11%,$29.62 ,197.47%
3/20/2025,Amazon U.S._RMI_Good Employer and Pro SMB_H1'25_TTD_Instream Video_1P OE AUDIENCE_Cross-Platform Enhanced Pre-Roll,KRG-9qcd-43672,$17.00 ,$1.00 ,"578,534","$10,429.83 ",$18.03 ,"637,072,000","2,605,266","2,780,136",0.41%,22.21%,$17.14 ,100.82%
3/20/2025,Amazon U.S._RMI_Good Employer and Pro SMB_H1'25_TTD_Enhanced CTV,KRG-0gx7-44475,$26.50 ,$0.00 ,0,$0.00 ,$0.00 ,"7,558,845,000",0,0,0.00%,0.00%,$0.00 ,0.00%
3/20/2025,Amazon U.S._RMI_Good Employer and Pro SMB_H1'25_TTD_In-Article_300x250_1P OE AUDIENCE_Cross-Platform Venti Video,KRG-pja5-43673,$7.29 ,$1.00 ,"208,072","$1,518.57 ",$7.30 ,"1,010,251,900","882,238","893,542",0.09%,23.58%,$7.30 ,100.14%
3/20/2025,Amazon U.S._RMI_Good Employer and Pro SMB_H1'25_TTD_ADHESION_1P OE AUDIENCE_Cross-Platform Runway,KRG-rlf9-43675,$7.00 ,$1.00 ,"90,563",$634.76 ,$7.01 ,"318,383,400","329,615","331,591",0.10%,27.48%,$7.01 ,100.14%
3/21/2025,Amazon U.S._RMI_Good Employer and Pro SMB_H1'25_TTD_In-Article_300x250_1P OE AUDIENCE_Cross-Platform Venti Display,KRG-x8c8-43674,$6.29 ,$1.00 ,"483,293","$3,043.86 ",$6.30 ,"939,504,200","2,492,570","2,878,080",0.27%,19.39%,$5.64 ,89.67%
3/21/2025,Amazon U.S._RMI_Good Employer and Pro SMB_H1'25_TTD_Instream Video_1P OE AUDIENCE_Cross-Platform Enhanced Pre-Roll,KRG-9qcd-43672,$17.00 ,$1.00 ,"573,804","$10,368.40 ",$18.07 ,"606,141,400","2,779,686","2,940,914",0.46%,20.64%,$17.27 ,101.59%
3/21/2025,Amazon U.S._RMI_Good Employer and Pro SMB_H1'25_TTD_In-Article_300x250_1P OE AUDIENCE_Cross-Platform Venti Video,KRG-pja5-43673,$7.29 ,$1.00 ,"172,425","$1,258.40 ",$7.30 ,"939,504,200","701,308","708,496",0.07%,24.59%,$7.30 ,100.14%
3/21/2025,Amazon U.S._RMI_Good Employer and Pro SMB_H1'25_TTD_Enhanced CTV,KRG-0gx7-44475,$26.50 ,$0.00 ,0,$0.00 ,$0.00 ,"7,492,431,500",0,0,0.00%,0.00%,$0.00 ,0.00%
3/21/2025,Amazon U.S._RMI_Good Employer and Pro SMB_H1'25_TTD_Instream Video_1P OE AUDIENCE_Cross-Platform STANDARD Pre-Roll,KRG-nyw4-44580,$15.00 ,$1.00 ,"175,998","$5,159.72 ",$29.32 ,"606,141,400","648,250","648,524",0.11%,27.15%,$25.80 ,172.00%
3/21/2025,Amazon U.S._RMI_Good Employer and Pro SMB_H1'25_TTD_ADHESION_1P OE AUDIENCE_Cross-Platform Runway,KRG-rlf9-43675,$7.00 ,$1.00 ,"89,812",$629.68 ,$7.01 ,"298,142,000","317,718","320,727",0.11%,28.27%,$7.01 ,100.14%
3/22/2025,Amazon U.S._RMI_Good Employer and Pro SMB_H1'25_TTD_Instream Video_1P OE AUDIENCE_Cross-Platform STANDARD Pre-Roll,KRG-nyw4-44580,$15.00 ,$1.00 ,"105,632","$3,720.05 ",$35.22 ,"617,391,900","330,324","330,429",0.05%,31.98%,$31.59 ,210.60%
3/22/2025,Amazon U.S._RMI_Good Employer and Pro SMB_H1'25_TTD_ADHESION_1P OE AUDIENCE_Cross-Platform Runway,KRG-rlf9-43675,$7.00 ,$1.00 ,"88,978",$623.77 ,$7.01 ,"310,040,300","382,551","384,795",0.12%,23.26%,$7.01 ,100.14%
3/22/2025,Amazon U.S._RMI_Good Employer and Pro SMB_H1'25_TTD_In-Article_300x250_1P OE AUDIENCE_Cross-Platform Venti Display,KRG-x8c8-43674,$6.29 ,$1.00 ,"485,800","$3,060.33 ",$6.30 ,"888,917,900","2,764,367","3,114,129",0.31%,17.57%,$5.79 ,92.05%
3/22/2025,Amazon U.S._RMI_Good Employer and Pro SMB_H1'25_TTD_Enhanced CTV,KRG-0gx7-44475,$26.50 ,$0.00 ,0,$0.00 ,$0.00 ,"7,975,499,900",0,0,0.00%,0.00%,$0.00 ,0.00%
3/22/2025,Amazon U.S._RMI_Good Employer and Pro SMB_H1'25_TTD_Instream Video_1P OE AUDIENCE_Cross-Platform Enhanced Pre-Roll,KRG-9qcd-43672,$17.00 ,$1.00 ,"559,300","$10,428.37 ",$18.65 ,"617,391,900","2,780,406","2,927,787",0.45%,20.12%,$17.86 ,105.06%
3/22/2025,Amazon U.S._RMI_Good Employer and Pro SMB_H1'25_TTD_In-Article_300x250_1P OE AUDIENCE_Cross-Platform Venti Video,KRG-pja5-43673,$7.29 ,$1.00 ,"171,745","$1,253.40 ",$7.30 ,"888,917,900","824,297","834,309",0.09%,20.84%,$7.30 ,100.14%
3/23/2025,Amazon U.S._RMI_Good Employer and Pro SMB_H1'25_TTD_In-Article_300x250_1P OE AUDIENCE_Cross-Platform Venti Display,KRG-x8c8-43674,$6.29 ,$1.00 ,"479,289","$3,019.39 ",$6.30 ,"962,214,100","2,471,348","2,846,384",0.26%,19.39%,$5.67 ,90.14%
3/23/2025,Amazon U.S._RMI_Good Employer and Pro SMB_H1'25_TTD_In-Article_300x250_1P OE AUDIENCE_Cross-Platform Venti Video,KRG-pja5-43673,$7.29 ,$1.00 ,"168,625","$1,230.47 ",$7.30 ,"962,214,100","663,011","667,485",0.07%,25.43%,$7.30 ,100.14%
3/23/2025,Amazon U.S._RMI_Good Employer and Pro SMB_H1'25_TTD_Instream Video_1P OE AUDIENCE_Cross-Platform STANDARD Pre-Roll,KRG-nyw4-44580,$15.00 ,$1.00 ,"58,765","$2,161.67 ",$36.79 ,"706,718,400","186,910","186,957",0.03%,31.44%,$33.20 ,221.33%
3/23/2025,Amazon U.S._RMI_Good Employer and Pro SMB_H1'25_TTD_Enhanced CTV,KRG-0gx7-44475,$26.50 ,$0.00 ,0,$0.00 ,$0.00 ,"8,343,789,300",0,0,0.00%,0.00%,$0.00 ,0.00%
3/23/2025,Amazon U.S._RMI_Good Employer and Pro SMB_H1'25_TTD_Instream Video_1P OE AUDIENCE_Cross-Platform Enhanced Pre-Roll,KRG-9qcd-43672,$17.00 ,$1.00 ,"556,172","$10,366.17 ",$18.64 ,"706,718,400","2,295,267","2,498,595",0.32%,24.23%,$17.48 ,102.82%
3/23/2025,Amazon U.S._RMI_Good Employer and Pro SMB_H1'25_TTD_ADHESION_1P OE AUDIENCE_Cross-Platform Runway,KRG-rlf9-43675,$7.00 ,$1.00 ,"93,152",$653.06 ,$7.01 ,"346,757,300","335,403","338,404",0.10%,27.77%,$7.01 ,100.14%
3/24/2025,Amazon U.S._RMI_Good Employer and Pro SMB_H1'25_TTD_Instream Video_1P OE AUDIENCE_Cross-Platform STANDARD Pre-Roll,KRG-nyw4-44580,$15.00 ,$1.00 ,"52,163","$1,880.64 ",$36.05 ,"668,245,700","165,670","165,747",0.02%,31.49%,$33.44 ,222.93%
3/24/2025,Amazon U.S._RMI_Good Employer and Pro SMB_H1'25_TTD_Enhanced CTV,KRG-0gx7-44475,$26.50 ,$0.00 ,0,$0.00 ,$0.00 ,"7,825,248,700",0,0,0.00%,0.00%,$0.00 ,0.00%
3/24/2025,Amazon U.S._RMI_Good Employer and Pro SMB_H1'25_TTD_In-Article_300x250_1P OE AUDIENCE_Cross-Platform Venti Display,KRG-x8c8-43674,$6.29 ,$1.00 ,"466,885","$2,940.62 ",$6.30 ,"932,506,500","2,252,870","2,519,243",0.24%,20.72%,$5.80 ,92.21%
3/24/2025,Amazon U.S._RMI_Good Employer and Pro SMB_H1'25_TTD_ADHESION_1P OE AUDIENCE_Cross-Platform Runway,KRG-rlf9-43675,$7.00 ,$1.00 ,"93,715",$656.95 ,$7.01 ,"329,359,200","292,240","309,109",0.09%,32.07%,$7.01 ,100.14%
3/24/2025,Amazon U.S._RMI_Good Employer and Pro SMB_H1'25_TTD_Instream Video_1P OE AUDIENCE_Cross-Platform Enhanced Pre-Roll,KRG-9qcd-43672,$17.00 ,$1.00 ,"553,931","$10,296.18 ",$18.59 ,"668,245,700","2,420,915","2,533,053",0.36%,22.88%,$17.96 ,105.65%
3/24/2025,Amazon U.S._RMI_Good Employer and Pro SMB_H1'25_TTD_In-Article_300x250_1P OE AUDIENCE_Cross-Platform Venti Video,KRG-pja5-43673,$7.29 ,$1.00 ,"181,555","$1,324.80 ",$7.30 ,"932,506,500","665,826","672,690",0.07%,27.27%,$7.30 ,100.14%
3/25/2025,Amazon U.S._RMI_Good Employer and Pro SMB_H1'25_TTD_Instream Video_1P OE AUDIENCE_Cross-Platform Enhanced Pre-Roll,KRG-9qcd-43672,$17.00 ,$1.00 ,"561,690","$10,215.79 ",$18.19 ,"621,229,500","2,668,520","2,819,613",0.43%,21.05%,$17.43 ,102.53%
3/25/2025,Amazon U.S._RMI_Good Employer and Pro SMB_H1'25_TTD_Enhanced CTV,KRG-0gx7-44475,$26.50 ,$0.00 ,0,$0.00 ,$0.00 ,"7,598,155,100",0,0,0.00%,0.00%,$0.00 ,0.00%
3/25/2025,Amazon U.S._RMI_Good Employer and Pro SMB_H1'25_TTD_ADHESION_1P OE AUDIENCE_Cross-Platform Runway,KRG-rlf9-43675,$7.00 ,$1.00 ,"93,669",$656.31 ,$7.01 ,"315,344,800","274,204","276,468",0.09%,34.16%,$7.01 ,100.14%
3/25/2025,Amazon U.S._RMI_Good Employer and Pro SMB_H1'25_TTD_In-Article_300x250_1P OE AUDIENCE_Cross-Platform Venti Display,KRG-x8c8-43674,$6.29 ,$1.00 ,"459,156","$2,891.39 ",$6.30 ,"931,577,400","2,123,265","2,471,897",0.23%,21.63%,$5.60 ,89.03%
3/25/2025,Amazon U.S._RMI_Good Employer and Pro SMB_H1'25_TTD_In-Article_300x250_1P OE AUDIENCE_Cross-Platform Venti Video,KRG-pja5-43673,$7.29 ,$1.00 ,"183,537","$1,338.89 ",$7.29 ,"931,577,400","680,676","688,435",0.07%,26.96%,$7.30 ,100.14%
3/25/2025,Amazon U.S._RMI_Good Employer and Pro SMB_H1'25_TTD_Instream Video_1P OE AUDIENCE_Cross-Platform STANDARD Pre-Roll,KRG-nyw4-44580,$15.00 ,$1.00 ,"99,929","$3,153.27 ",$31.56 ,"621,229,500","358,223","358,365",0.06%,27.90%,$28.49 ,189.93%
3/26/2025,Amazon U.S._RMI_Good Employer and Pro SMB_H1'25_TTD_Instream Video_1P OE AUDIENCE_Cross-Platform STANDARD Pre-Roll,KRG-nyw4-44580,$15.00 ,$1.00 ,"53,375","$1,856.78 ",$34.79 ,"624,241,200","178,355","178,386",0.03%,29.93%,$31.10 ,207.33%
3/26/2025,Amazon U.S._RMI_Good Employer and Pro SMB_H1'25_TTD_ADHESION_1P OE AUDIENCE_Cross-Platform Runway,KRG-rlf9-43675,$7.00 ,$1.00 ,"91,140",$638.57 ,$7.01 ,"295,090,600","285,962","286,670",0.10%,31.87%,$7.01 ,100.14%
3/26/2025,Amazon U.S._RMI_Good Employer and Pro SMB_H1'25_TTD_Enhanced CTV,KRG-0gx7-44475,$26.50 ,$0.00 ,0,$0.00 ,$0.00 ,"7,494,559,000",0,0,0.00%,0.00%,$0.00 ,0.00%
3/26/2025,Amazon U.S._RMI_Good Employer and Pro SMB_H1'25_TTD_Instream Video_1P OE AUDIENCE_Cross-Platform Enhanced Pre-Roll,KRG-9qcd-43672,$17.00 ,$1.00 ,"551,957","$10,130.31 ",$18.35 ,"624,241,200","2,449,962","2,602,177",0.39%,22.53%,$17.52 ,103.06%
3/26/2025,Amazon U.S._RMI_Good Employer and Pro SMB_H1'25_TTD_In-Article_300x250_1P OE AUDIENCE_Cross-Platform Venti Display,KRG-x8c8-43674,$6.29 ,$1.00 ,"460,681","$2,900.86 ",$6.30 ,"931,249,700","2,274,610","2,597,142",0.24%,20.25%,$5.69 ,90.46%
3/26/2025,Amazon U.S._RMI_Good Employer and Pro SMB_H1'25_TTD_In-Article_300x250_1P OE AUDIENCE_Cross-Platform Venti Video,KRG-pja5-43673,$7.29 ,$1.00 ,"176,511","$1,287.52 ",$7.29 ,"931,249,700","666,769","673,196",0.07%,26.47%,$7.30 ,100.14%
3/27/2025,Amazon U.S._RMI_Good Employer and Pro SMB_H1'25_TTD_In-Article_300x250_1P OE AUDIENCE_Cross-Platform Venti Display,KRG-x8c8-43674,$6.29 ,$1.00 ,"457,138","$2,878.02 ",$6.30 ,"914,396,700","2,272,961","2,617,926",0.25%,20.11%,$5.64 ,89.67%
3/27/2025,Amazon U.S._RMI_Good Employer and Pro SMB_H1'25_TTD_In-Article_300x250_1P OE AUDIENCE_Cross-Platform Venti Video,KRG-pja5-43673,$7.29 ,$1.00 ,"183,883","$1,341.37 ",$7.29 ,"914,396,700","766,883","775,158",0.08%,23.98%,$7.29 ,100.00%
3/27/2025,Amazon U.S._RMI_Good Employer and Pro SMB_H1'25_TTD_ADHESION_1P OE AUDIENCE_Cross-Platform Runway,KRG-rlf9-43675,$7.00 ,$1.00 ,"83,732",$586.73 ,$7.01 ,"293,081,500","296,246","297,000",0.10%,28.26%,$7.01 ,100.14%
3/27/2025,Amazon U.S._RMI_Good Employer and Pro SMB_H1'25_TTD_Instream Video_1P OE AUDIENCE_Cross-Platform STANDARD Pre-Roll,KRG-nyw4-44580,$15.00 ,$1.00 ,"48,379","$1,672.14 ",$34.56 ,"610,306,000","159,477","159,536",0.03%,30.34%,$31.01 ,206.73%
3/27/2025,Amazon U.S._RMI_Good Employer and Pro SMB_H1'25_TTD_Instream Video_1P OE AUDIENCE_Cross-Platform Enhanced Pre-Roll,KRG-9qcd-43672,$17.00 ,$1.00 ,"573,786","$10,419.65 ",$18.16 ,"610,306,000","2,370,813","2,519,615",0.39%,24.20%,$17.35 ,102.06%
3/27/2025,Amazon U.S._RMI_Good Employer and Pro SMB_H1'25_TTD_Enhanced CTV,KRG-0gx7-44475,$26.50 ,$0.00 ,0,$0.00 ,$0.00 ,"7,561,413,300",0,0,0.00%,0.00%,$0.00 ,0.00%
3/28/2025,Amazon U.S._RMI_Good Employer and Pro SMB_H1'25_TTD_Instream Video_1P OE AUDIENCE_Cross-Platform STANDARD Pre-Roll,KRG-nyw4-44580,$15.00 ,$1.00 ,"85,863","$3,054.18 ",$35.57 ,"588,737,700","302,921","303,005",0.05%,28.35%,$30.96 ,206.40%
3/28/2025,Amazon U.S._RMI_Good Employer and Pro SMB_H1'25_TTD_ADHESION_1P OE AUDIENCE_Cross-Platform Runway,KRG-rlf9-43675,$7.00 ,$1.00 ,"87,965",$616.07 ,$7.00 ,"280,199,200","325,185","325,774",0.12%,27.05%,$7.00 ,100.00%
3/28/2025,Amazon U.S._RMI_Good Employer and Pro SMB_H1'25_TTD_In-Article_300x250_1P OE AUDIENCE_Cross-Platform Venti Video,KRG-pja5-43673,$7.29 ,$1.00 ,"183,240","$1,336.39 ",$7.29 ,"881,577,100","814,007","820,310",0.09%,22.51%,$7.29 ,100.00%
3/28/2025,Amazon U.S._RMI_Good Employer and Pro SMB_H1'25_TTD_Instream Video_1P OE AUDIENCE_Cross-Platform Enhanced Pre-Roll,KRG-9qcd-43672,$17.00 ,$1.00 ,"733,237","$13,620.08 ",$18.58 ,"588,737,700","3,487,394","3,613,750",0.59%,21.03%,$18.07 ,106.29%
3/28/2025,Amazon U.S._RMI_Good Employer and Pro SMB_H1'25_TTD_Enhanced CTV,KRG-0gx7-44475,$26.50 ,$0.00 ,0,$0.00 ,$0.00 ,"7,500,553,200",0,0,0.00%,0.00%,$0.00 ,0.00%
3/28/2025,Amazon U.S._RMI_Good Employer and Pro SMB_H1'25_TTD_In-Article_300x250_1P OE AUDIENCE_Cross-Platform Venti Display,KRG-x8c8-43674,$6.29 ,$1.00 ,"445,372","$2,804.10 ",$6.30 ,"881,577,100","2,343,596","2,655,183",0.27%,19.00%,$5.71 ,90.78%
3/29/2025,Amazon U.S._RMI_Good Employer and Pro SMB_H1'25_TTD_Enhanced CTV,KRG-0gx7-44475,$26.50 ,$0.00 ,0,$0.00 ,$0.00 ,"8,128,144,600",0,0,0.00%,0.00%,$0.00 ,0.00%
3/29/2025,Amazon U.S._RMI_Good Employer and Pro SMB_H1'25_TTD_ADHESION_1P OE AUDIENCE_Cross-Platform Runway,KRG-rlf9-43675,$7.00 ,$1.00 ,"96,252",$674.01 ,$7.00 ,"311,256,500","364,156","364,451",0.12%,26.43%,$7.00 ,100.00%
3/29/2025,Amazon U.S._RMI_Good Employer and Pro SMB_H1'25_TTD_In-Article_300x250_1P OE AUDIENCE_Cross-Platform Venti Video,KRG-pja5-43673,$7.29 ,$1.00 ,"188,150","$1,372.10 ",$7.29 ,"873,322,300","766,512","769,470",0.09%,24.55%,$7.29 ,100.00%
3/29/2025,Amazon U.S._RMI_Good Employer and Pro SMB_H1'25_TTD_Instream Video_1P OE AUDIENCE_Cross-Platform Enhanced Pre-Roll,KRG-9qcd-43672,$17.00 ,$1.00 ,"710,555","$13,512.23 ",$19.02 ,"619,879,700","3,360,889","3,505,589",0.54%,21.14%,$18.48 ,108.71%
3/29/2025,Amazon U.S._RMI_Good Employer and Pro SMB_H1'25_TTD_In-Article_300x250_1P OE AUDIENCE_Cross-Platform Venti Display,KRG-x8c8-43674,$6.29 ,$1.00 ,"417,038","$2,624.96 ",$6.29 ,"873,322,300","2,101,397","2,397,558",0.24%,19.85%,$5.67 ,90.14%
3/29/2025,Amazon U.S._RMI_Good Employer and Pro SMB_H1'25_TTD_Instream Video_1P OE AUDIENCE_Cross-Platform STANDARD Pre-Roll,KRG-nyw4-44580,$15.00 ,$1.00 ,"87,430","$3,325.24 ",$38.03 ,"619,879,700","256,576","256,659",0.04%,34.08%,$34.57 ,230.47%
3/30/2025,Amazon U.S._RMI_Good Employer and Pro SMB_H1'25_TTD_In-Article_300x250_1P OE AUDIENCE_Cross-Platform Venti Video,KRG-pja5-43673,$7.29 ,$1.00 ,"183,651","$1,339.35 ",$7.29 ,"967,369,400","702,281","705,445",0.07%,26.15%,$7.29 ,100.00%
3/30/2025,Amazon U.S._RMI_Good Employer and Pro SMB_H1'25_TTD_Enhanced CTV,KRG-0gx7-44475,$26.50 ,$0.00 ,0,$0.00 ,$0.00 ,"8,539,455,300",0,0,0.00%,0.00%,$0.00 ,0.00%
3/30/2025,Amazon U.S._RMI_Good Employer and Pro SMB_H1'25_TTD_In-Article_300x250_1P OE AUDIENCE_Cross-Platform Venti Display,KRG-x8c8-43674,$6.29 ,$1.00 ,"417,746","$2,630.10 ",$6.30 ,"967,369,400","2,053,399","2,449,607",0.21%,20.34%,$5.47 ,86.96%
3/30/2025,Amazon U.S._RMI_Good Employer and Pro SMB_H1'25_TTD_Instream Video_1P OE AUDIENCE_Cross-Platform Enhanced Pre-Roll,KRG-9qcd-43672,$17.00 ,$1.00 ,"715,779","$13,397.81 ",$18.72 ,"728,712,400","2,682,352","2,920,047",0.37%,26.68%,$17.59 ,103.47%
3/30/2025,Amazon U.S._RMI_Good Employer and Pro SMB_H1'25_TTD_Instream Video_1P OE AUDIENCE_Cross-Platform STANDARD Pre-Roll,KRG-nyw4-44580,$15.00 ,$1.00 ,"49,063","$1,824.25 ",$37.18 ,"728,712,400","136,988","137,002",0.02%,35.82%,$34.16 ,227.73%
3/30/2025,Amazon U.S._RMI_Good Employer and Pro SMB_H1'25_TTD_ADHESION_1P OE AUDIENCE_Cross-Platform Runway,KRG-rlf9-43675,$7.00 ,$1.00 ,"93,402",$654.13 ,$7.00 ,"352,151,700","322,155","322,600",0.09%,28.99%,$7.00 ,100.00%
3/31/2025,Amazon U.S._RMI_Good Employer and Pro SMB_H1'25_TTD_In-Article_300x250_1P OE AUDIENCE_Cross-Platform Venti Display,KRG-x8c8-43674,$6.29 ,$1.00 ,"422,232","$2,657.82 ",$6.29 ,"986,653,800","1,860,798","2,203,077",0.19%,22.69%,$5.51 ,87.60%
3/31/2025,Amazon U.S._RMI_Good Employer and Pro SMB_H1'25_TTD_ADHESION_1P OE AUDIENCE_Cross-Platform Runway,KRG-rlf9-43675,$7.00 ,$1.00 ,"87,502",$612.76 ,$7.00 ,"319,697,900","275,441","276,210",0.09%,31.77%,$7.00 ,100.00%
3/31/2025,Amazon U.S._RMI_Good Employer and Pro SMB_H1'25_TTD_Instream Video_1P OE AUDIENCE_Cross-Platform STANDARD Pre-Roll,KRG-nyw4-44580,$15.00 ,$1.00 ,"40,676","$1,467.88 ",$36.09 ,"645,383,300","120,349","120,373",0.02%,33.80%,$33.72 ,224.80%
3/31/2025,Amazon U.S._RMI_Good Employer and Pro SMB_H1'25_TTD_In-Article_300x250_1P OE AUDIENCE_Cross-Platform Venti Video,KRG-pja5-43673,$7.29 ,$1.00 ,"187,243","$1,365.53 ",$7.29 ,"986,653,800","681,847","686,367",0.07%,27.46%,$7.29 ,100.00%
3/31/2025,Amazon U.S._RMI_Good Employer and Pro SMB_H1'25_TTD_Instream Video_1P OE AUDIENCE_Cross-Platform Enhanced Pre-Roll,KRG-9qcd-43672,$17.00 ,$1.00 ,"714,681","$13,263.65 ",$18.56 ,"645,383,300","2,616,774","2,765,870",0.41%,27.31%,$17.91 ,105.35%
3/31/2025,Amazon U.S._RMI_Good Employer and Pro SMB_H1'25_TTD_Enhanced CTV,KRG-0gx7-44475,$26.50 ,$0.00 ,0,$0.00 ,$0.00 ,"7,966,718,600",0,0,0.00%,0.00%,$0.00 ,0.00%
4/1/2025,Amazon U.S._RMI_Good Employer and Pro SMB_H1'25_TTD_In-Article_300x250_1P OE AUDIENCE_Cross-Platform Venti Display,KRG-x8c8-43674,$6.29 ,$1.00 ,"439,315","$2,764.61 ",$6.29 ,"964,494,700","1,607,245","1,997,467",0.17%,27.33%,$5.29 ,84.10%
4/1/2025,Amazon U.S._RMI_Good Employer and Pro SMB_H1'25_TTD_ADHESION_1P OE AUDIENCE_Cross-Platform Runway,KRG-rlf9-43675,$7.00 ,$1.00 ,"79,989",$560.17 ,$7.00 ,"310,122,200","224,408","226,095",0.07%,35.64%,$7.00 ,100.00%
4/1/2025,Amazon U.S._RMI_Good Employer and Pro SMB_H1'25_TTD_Instream Video_1P OE AUDIENCE_Cross-Platform STANDARD Pre-Roll,KRG-nyw4-44580,$15.00 ,$1.00 ,"15,204",$465.04 ,$30.59 ,"636,165,700","49,305","49,308",0.01%,30.84%,$27.21 ,181.40%
4/1/2025,Amazon U.S._RMI_Good Employer and Pro SMB_H1'25_TTD_Enhanced CTV,KRG-0gx7-44475,$26.50 ,$0.00 ,0,$0.00 ,$0.00 ,"7,756,370,200",0,0,0.00%,0.00%,$0.00 ,0.00%
4/1/2025,Amazon U.S._RMI_Good Employer and Pro SMB_H1'25_TTD_Instream Video_1P OE AUDIENCE_Cross-Platform Enhanced Pre-Roll,KRG-9qcd-43672,$17.00 ,$1.00 ,"717,797","$13,138.41 ",$18.30 ,"636,165,700","2,490,934","2,650,393",0.39%,28.82%,$17.47 ,102.76%
4/1/2025,Amazon U.S._RMI_Good Employer and Pro SMB_H1'25_TTD_In-Article_300x250_1P OE AUDIENCE_Cross-Platform Venti Video,KRG-pja5-43673,$7.29 ,$1.00 ,"176,995","$1,290.80 ",$7.29 ,"964,494,700","542,353","547,504",0.06%,32.63%,$7.29 ,100.00%
4/2/2025,Amazon U.S._RMI_Good Employer and Pro SMB_H1'25_TTD_Enhanced CTV,KRG-0gx7-44475,$26.50 ,$0.00 ,0,$0.00 ,$0.00 ,"7,686,528,000",0,0,0.00%,0.00%,$0.00 ,0.00%
4/2/2025,Amazon U.S._RMI_Good Employer and Pro SMB_H1'25_TTD_In-Article_300x250_1P OE AUDIENCE_Cross-Platform Venti Display,KRG-x8c8-43674,$6.29 ,$1.00 ,"438,198","$2,758.09 ",$6.29 ,"948,730,100","1,653,813","2,066,007",0.17%,26.50%,$5.30 ,84.26%
4/2/2025,Amazon U.S._RMI_Good Employer and Pro SMB_H1'25_TTD_Instream Video_1P OE AUDIENCE_Cross-Platform STANDARD Pre-Roll,KRG-nyw4-44580,$15.00 ,$1.00 ,"19,735",$581.67 ,$29.47 ,"656,291,900","67,471","67,484",0.01%,29.25%,$26.05 ,173.67%
4/2/2025,Amazon U.S._RMI_Good Employer and Pro SMB_H1'25_TTD_ADHESION_1P OE AUDIENCE_Cross-Platform Runway,KRG-rlf9-43675,$7.00 ,$1.00 ,"81,592",$571.43 ,$7.00 ,"305,243,600","226,452","227,769",0.07%,36.03%,$7.00 ,100.00%
4/2/2025,Amazon U.S._RMI_Good Employer and Pro SMB_H1'25_TTD_Instream Video_1P OE AUDIENCE_Cross-Platform Enhanced Pre-Roll,KRG-9qcd-43672,$17.00 ,$1.00 ,"717,620","$12,994.47 ",$18.11 ,"656,291,900","2,553,033","2,731,849",0.39%,28.11%,$17.19 ,101.12%
4/2/2025,Amazon U.S._RMI_Good Employer and Pro SMB_H1'25_TTD_In-Article_300x250_1P OE AUDIENCE_Cross-Platform Venti Video,KRG-pja5-43673,$7.29 ,$1.00 ,"169,264","$1,234.65 ",$7.29 ,"948,730,100","552,425","562,308",0.06%,30.64%,$7.29 ,100.00%
4/3/2025,Amazon U.S._RMI_Good Employer and Pro SMB_H1'25_TTD_In-Article_300x250_1P OE AUDIENCE_Cross-Platform Venti Video,KRG-pja5-43673,$7.29 ,$1.00 ,"168,059","$1,225.64 ",$7.29 ,"946,160,900","558,921","568,717",0.06%,30.07%,$7.29 ,100.00%
4/3/2025,Amazon U.S._RMI_Good Employer and Pro SMB_H1'25_TTD_Instream Video_1P OE AUDIENCE_Cross-Platform Enhanced Pre-Roll,KRG-9qcd-43672,$17.00 ,$1.00 ,"702,356","$12,859.27 ",$18.31 ,"633,256,100","2,739,421","2,935,946",0.43%,25.64%,$17.35 ,102.06%
4/3/2025,Amazon U.S._RMI_Good Employer and Pro SMB_H1'25_TTD_Instream Video_1P OE AUDIENCE_Cross-Platform STANDARD Pre-Roll,KRG-nyw4-44580,$15.00 ,$1.00 ,"25,960",$937.55 ,$36.12 ,"633,256,100","78,538","78,568",0.01%,33.05%,$33.04 ,220.27%
4/3/2025,Amazon U.S._RMI_Good Employer and Pro SMB_H1'25_TTD_ADHESION_1P OE AUDIENCE_Cross-Platform Runway,KRG-rlf9-43675,$7.00 ,$1.00 ,"89,499",$626.81 ,$7.00 ,"325,473,200","253,502","253,957",0.08%,35.31%,$7.00 ,100.00%
4/3/2025,Amazon U.S._RMI_Good Employer and Pro SMB_H1'25_TTD_Enhanced CTV,KRG-0gx7-44475,$26.50 ,$0.00 ,0,$0.00 ,$0.00 ,"7,078,373,500",0,0,0.00%,0.00%,$0.00 ,0.00%
4/3/2025,Amazon U.S._RMI_Good Employer and Pro SMB_H1'25_TTD_In-Article_300x250_1P OE AUDIENCE_Cross-Platform Venti Display,KRG-x8c8-43674,$6.29 ,$1.00 ,"421,431","$2,652.15 ",$6.29 ,"946,160,900","1,720,416","2,137,047",0.18%,24.50%,$5.32 ,84.58%
4/4/2025,Amazon U.S._RMI_Good Employer and Pro SMB_H1'25_TTD_Instream Video_1P OE AUDIENCE_Cross-Platform STANDARD Pre-Roll,KRG-nyw4-44580,$15.00 ,$1.00 ,"30,473","$1,175.88 ",$38.59 ,"608,738,400","87,629","87,658",0.01%,34.78%,$35.79 ,238.60%
4/4/2025,Amazon U.S._RMI_Good Employer and Pro SMB_H1'25_TTD_Instream Video_1P OE INCREMENTAL AUDIENCE_Cross-Platform Enhanced Pre-Roll,KRG-e5ws-45159,$17.00 ,$0.00 ,0,$0.00 ,$0.00 ,"90,604,200",0,0,0.00%,0.00%,$0.00 ,0.00%
4/4/2025,Amazon U.S._RMI_Good Employer and Pro SMB_H1'25_TTD_In-Article_300x250_1P OE INCREMENTAL AUDIENCE_Cross-Platform Venti Display,KRG-wcg9-45157,$6.29 ,$0.00 ,0,$0.00 ,$0.00 ,"116,531,800",0,0,0.00%,0.00%,$0.00 ,0.00%
4/4/2025,Amazon U.S._RMI_Good Employer and Pro SMB_H1'25_TTD_In-Article_300x250_1P OE INCREMENTAL AUDIENCE_Cross-Platform Venti Video,KRG-l5ia-45158,$7.29 ,$0.00 ,0,$0.00 ,$0.00 ,"116,531,800",0,0,0.00%,0.00%,$0.00 ,0.00%
4/4/2025,Amazon U.S._RMI_Good Employer and Pro SMB_H1'25_TTD_ADHESION_1P OE AUDIENCE_Cross-Platform Runway,KRG-rlf9-43675,$7.00 ,$1.00 ,"89,896",$629.78 ,$7.01 ,"305,659,000","281,149","284,157",0.09%,31.97%,$7.00 ,100.00%
4/4/2025,Amazon U.S._RMI_Good Employer and Pro SMB_H1'25_TTD_In-Article_300x250_1P OE AUDIENCE_Cross-Platform Venti Video,KRG-pja5-43673,$7.29 ,$1.00 ,"166,373","$1,213.42 ",$7.29 ,"910,262,700","522,521","526,805",0.06%,31.84%,$7.29 ,100.00%
4/4/2025,Amazon U.S._RMI_Good Employer and Pro SMB_H1'25_TTD_In-Article_300x250_1P OE AUDIENCE_Cross-Platform Venti Display,KRG-x8c8-43674,$6.29 ,$1.00 ,"410,216","$2,582.62 ",$6.30 ,"910,262,700","1,565,767","1,899,679",0.17%,26.20%,$5.39 ,85.69%
4/4/2025,Amazon U.S._RMI_Good Employer and Pro SMB_H1'25_TTD_Enhanced CTV,KRG-0gx7-44475,$26.50 ,$0.00 ,0,$0.00 ,$0.00 ,"6,127,314,300",0,0,0.00%,0.00%,$0.00 ,0.00%
4/4/2025,Amazon U.S._RMI_Good Employer and Pro SMB_H1'25_TTD_Instream Video_1P OE AUDIENCE_Cross-Platform Enhanced Pre-Roll,KRG-9qcd-43672,$17.00 ,$1.00 ,"692,859","$12,727.05 ",$18.37 ,"608,738,400","3,010,367","3,191,132",0.49%,23.02%,$17.50 ,102.94%
4/4/2025,Amazon U.S._RMI_Good Employer and Pro SMB_H1'25_TTD_ADHESION_1P OE INCREMENTAL AUDIENCE_Cross-Platform Runway,KRG-0hqh-45156,$7.00 ,$0.00 ,0,$0.00 ,$0.00 ,"43,168,100",0,0,0.00%,0.00%,$0.00 ,0.00%
4/5/2025,Amazon U.S._RMI_Good Employer and Pro SMB_H1'25_TTD_In-Article_300x250_1P OE INCREMENTAL AUDIENCE_Cross-Platform Venti Display,KRG-wcg9-45157,$6.29 ,$0.00 ,0,$0.00 ,$0.00 ,"905,519,800",0,0,0.00%,0.00%,$0.00 ,0.00%
4/5/2025,Amazon U.S._RMI_Good Employer and Pro SMB_H1'25_TTD_Instream Video_1P OE AUDIENCE_Cross-Platform STANDARD Pre-Roll,KRG-nyw4-44580,$15.00 ,$1.00 ,"61,284","$2,387.75 ",$38.96 ,"645,848,000","156,109","156,176",0.02%,39.26%,$35.77 ,238.47%
4/5/2025,Amazon U.S._RMI_Good Employer and Pro SMB_H1'25_TTD_ADHESION_1P OE AUDIENCE_Cross-Platform Runway,KRG-rlf9-43675,$7.00 ,$1.00 ,"96,882",$678.69 ,$7.01 ,"320,487,900","315,439","322,326",0.10%,30.71%,$7.00 ,100.00%
4/5/2025,Amazon U.S._RMI_Good Employer and Pro SMB_H1'25_TTD_In-Article_300x250_1P OE AUDIENCE_Cross-Platform Venti Video,KRG-pja5-43673,$7.29 ,$1.00 ,"164,183","$1,197.52 ",$7.29 ,"905,519,800","566,154","568,543",0.06%,29.00%,$7.29 ,100.00%
4/5/2025,Amazon U.S._RMI_Good Employer and Pro SMB_H1'25_TTD_In-Article_300x250_1P OE AUDIENCE_Cross-Platform Venti Display,KRG-x8c8-43674,$6.29 ,$1.00 ,"387,739","$2,443.45 ",$6.30 ,"905,519,800","1,682,999","1,964,277",0.19%,23.04%,$5.55 ,88.24%
4/5/2025,Amazon U.S._RMI_Good Employer and Pro SMB_H1'25_TTD_Enhanced CTV,KRG-0gx7-44475,$26.50 ,$0.00 ,0,$0.00 ,$0.00 ,"6,540,754,900",0,0,0.00%,0.00%,$0.00 ,0.00%
4/5/2025,Amazon U.S._RMI_Good Employer and Pro SMB_H1'25_TTD_Instream Video_1P OE INCREMENTAL AUDIENCE_Cross-Platform Enhanced Pre-Roll,KRG-e5ws-45159,$17.00 ,$0.00 ,0,$0.00 ,$0.00 ,"645,848,000",0,0,0.00%,0.00%,$0.00 ,0.00%
4/5/2025,Amazon U.S._RMI_Good Employer and Pro SMB_H1'25_TTD_ADHESION_1P OE INCREMENTAL AUDIENCE_Cross-Platform Runway,KRG-0hqh-45156,$7.00 ,$0.00 ,0,$0.00 ,$0.00 ,"320,487,900",0,0,0.00%,0.00%,$0.00 ,0.00%
4/5/2025,Amazon U.S._RMI_Good Employer and Pro SMB_H1'25_TTD_Instream Video_1P OE AUDIENCE_Cross-Platform Enhanced Pre-Roll,KRG-9qcd-43672,$17.00 ,$1.00 ,"666,712","$12,559.53 ",$18.84 ,"645,848,000","2,925,720","3,138,117",0.45%,22.79%,$17.67 ,103.94%
4/5/2025,Amazon U.S._RMI_Good Employer and Pro SMB_H1'25_TTD_In-Article_300x250_1P OE INCREMENTAL AUDIENCE_Cross-Platform Venti Video,KRG-l5ia-45158,$7.29 ,$0.00 ,0,$0.00 ,$0.00 ,"905,519,800",0,0,0.00%,0.00%,$0.00 ,0.00%
4/6/2025,Amazon U.S._RMI_Good Employer and Pro SMB_H1'25_TTD_Instream Video_1P OE INCREMENTAL AUDIENCE_Cross-Platform Enhanced Pre-Roll,KRG-e5ws-45159,$17.00 ,$0.00 ,0,$0.00 ,$0.00 ,"731,750,000",0,0,0.00%,0.00%,$0.00 ,0.00%
4/6/2025,Amazon U.S._RMI_Good Employer and Pro SMB_H1'25_TTD_Enhanced CTV,KRG-0gx7-44475,$26.50 ,$0.00 ,0,$0.00 ,$0.00 ,"6,690,845,800",0,0,0.00%,0.00%,$0.00 ,0.00%
4/6/2025,Amazon U.S._RMI_Good Employer and Pro SMB_H1'25_TTD_In-Article_300x250_1P OE AUDIENCE_Cross-Platform Venti Video,KRG-pja5-43673,$7.29 ,$1.00 ,"157,817","$1,151.15 ",$7.29 ,"934,423,500","504,336","506,628",0.05%,31.29%,$7.30 ,100.14%
4/6/2025,Amazon U.S._RMI_Good Employer and Pro SMB_H1'25_TTD_ADHESION_1P OE INCREMENTAL AUDIENCE_Cross-Platform Runway,KRG-0hqh-45156,$7.00 ,$0.00 ,0,$0.00 ,$0.00 ,"355,975,000",0,0,0.00%,0.00%,$0.00 ,0.00%
4/6/2025,Amazon U.S._RMI_Good Employer and Pro SMB_H1'25_TTD_In-Article_300x250_1P OE AUDIENCE_Cross-Platform Venti Display,KRG-x8c8-43674,$6.29 ,$1.00 ,"377,852","$2,384.31 ",$6.31 ,"934,423,500","1,582,067","1,819,052",0.17%,23.88%,$5.66 ,89.98%
4/6/2025,Amazon U.S._RMI_Good Employer and Pro SMB_H1'25_TTD_Instream Video_1P OE AUDIENCE_Cross-Platform Enhanced Pre-Roll,KRG-9qcd-43672,$17.00 ,$1.00 ,"645,095","$12,388.90 ",$19.20 ,"731,750,000","2,471,840","2,709,665",0.34%,26.10%,$17.71 ,104.18%
4/6/2025,Amazon U.S._RMI_Good Employer and Pro SMB_H1'25_TTD_Instream Video_1P OE AUDIENCE_Cross-Platform STANDARD Pre-Roll,KRG-nyw4-44580,$15.00 ,$1.00 ,"77,679","$2,909.73 ",$37.46 ,"731,750,000","184,872","184,908",0.03%,42.02%,$35.01 ,233.40%
4/6/2025,Amazon U.S._RMI_Good Employer and Pro SMB_H1'25_TTD_ADHESION_1P OE AUDIENCE_Cross-Platform Runway,KRG-rlf9-43675,$7.00 ,$1.00 ,"102,361",$717.03 ,$7.00 ,"355,975,000","309,700","315,514",0.09%,33.05%,$7.01 ,100.14%
4/6/2025,Amazon U.S._RMI_Good Employer and Pro SMB_H1'25_TTD_In-Article_300x250_1P OE INCREMENTAL AUDIENCE_Cross-Platform Venti Video,KRG-l5ia-45158,$7.29 ,$0.00 ,0,$0.00 ,$0.00 ,"934,423,500",0,0,0.00%,0.00%,$0.00 ,0.00%
4/6/2025,Amazon U.S._RMI_Good Employer and Pro SMB_H1'25_TTD_In-Article_300x250_1P OE INCREMENTAL AUDIENCE_Cross-Platform Venti Display,KRG-wcg9-45157,$6.29 ,$0.00 ,0,$0.00 ,$0.00 ,"934,423,500",0,0,0.00%,0.00%,$0.00 ,0.00%
4/7/2025,Amazon U.S._RMI_Good Employer and Pro SMB_H1'25_TTD_In-Article_300x250_1P OE AUDIENCE_Cross-Platform Venti Video,KRG-pja5-43673,$7.29 ,$1.00 ,"159,290","$1,161.79 ",$7.29 ,"995,771,800","474,111","476,743",0.05%,33.60%,$7.30 ,100.14%
4/7/2025,Amazon U.S._RMI_Good Employer and Pro SMB_H1'25_TTD_In-Article_300x250_1P OE INCREMENTAL AUDIENCE_Cross-Platform Venti Display,KRG-wcg9-45157,$6.29 ,$0.00 ,0,$0.00 ,$0.00 ,"995,771,800",0,0,0.00%,0.00%,$0.00 ,0.00%
4/7/2025,Amazon U.S._RMI_Good Employer and Pro SMB_H1'25_TTD_In-Article_300x250_1P OE AUDIENCE_Cross-Platform Venti Display,KRG-x8c8-43674,$6.29 ,$1.00 ,"385,617","$2,429.68 ",$6.30 ,"995,771,800","1,447,317","1,591,338",0.15%,26.64%,$5.88 ,93.48%
4/7/2025,Amazon U.S._RMI_Good Employer and Pro SMB_H1'25_TTD_ADHESION_1P OE INCREMENTAL AUDIENCE_Cross-Platform Runway,KRG-0hqh-45156,$7.00 ,$0.00 ,0,$0.00 ,$0.00 ,"333,158,100",0,0,0.00%,0.00%,$0.00 ,0.00%
4/7/2025,Amazon U.S._RMI_Good Employer and Pro SMB_H1'25_TTD_ADHESION_1P OE AUDIENCE_Cross-Platform Runway,KRG-rlf9-43675,$7.00 ,$1.00 ,"89,781",$628.95 ,$7.01 ,"333,158,100","283,977","286,691",0.09%,31.62%,$7.01 ,100.14%
4/7/2025,Amazon U.S._RMI_Good Employer and Pro SMB_H1'25_TTD_Instream Video_1P OE INCREMENTAL AUDIENCE_Cross-Platform Enhanced Pre-Roll,KRG-e5ws-45159,$17.00 ,$0.00 ,0,$0.00 ,$0.00 ,"691,556,800",0,0,0.00%,0.00%,$0.00 ,0.00%
4/7/2025,Amazon U.S._RMI_Good Employer and Pro SMB_H1'25_TTD_In-Article_300x250_1P OE INCREMENTAL AUDIENCE_Cross-Platform Venti Video,KRG-l5ia-45158,$7.29 ,$0.00 ,0,$0.00 ,$0.00 ,"995,771,800",0,0,0.00%,0.00%,$0.00 ,0.00%
4/7/2025,Amazon U.S._RMI_Good Employer and Pro SMB_H1'25_TTD_Enhanced CTV,KRG-0gx7-44475,$26.50 ,$0.00 ,0,$0.00 ,$0.00 ,"6,360,585,800",0,0,0.00%,0.00%,$0.00 ,0.00%
4/7/2025,Amazon U.S._RMI_Good Employer and Pro SMB_H1'25_TTD_Instream Video_1P OE AUDIENCE_Cross-Platform STANDARD Pre-Roll,KRG-nyw4-44580,$15.00 ,$1.00 ,"65,855","$2,619.81 ",$39.78 ,"691,556,800","160,303","160,350",0.02%,41.08%,$36.92 ,246.13%
4/7/2025,Amazon U.S._RMI_Good Employer and Pro SMB_H1'25_TTD_Instream Video_1P OE AUDIENCE_Cross-Platform Enhanced Pre-Roll,KRG-9qcd-43672,$17.00 ,$1.00 ,"634,670","$12,216.76 ",$19.25 ,"691,556,800","2,404,508","2,533,995",0.35%,26.40%,$18.36 ,108.00%
4/8/2025,Amazon U.S._RMI_Good Employer and Pro SMB_H1'25_TTD_In-Article_300x250_1P OE AUDIENCE_Cross-Platform Venti Video,KRG-pja5-43673,$7.29 ,$1.00 ,"151,292","$1,103.20 ",$7.29 ,"953,112,900","588,859","592,650",0.06%,25.69%,$7.29 ,100.00%
4/8/2025,Amazon U.S._RMI_Good Employer and Pro SMB_H1'25_TTD_Instream Video_1P OE AUDIENCE_Cross-Platform STANDARD Pre-Roll,KRG-nyw4-44580,$15.00 ,$1.00 ,"29,977","$1,023.13 ",$34.13 ,"649,087,700","99,845","99,855",0.02%,30.02%,$29.66 ,197.73%
4/8/2025,Amazon U.S._RMI_Good Employer and Pro SMB_H1'25_TTD_Enhanced CTV,KRG-0gx7-44475,$26.50 ,$0.00 ,0,$0.00 ,$0.00 ,"6,332,986,500",0,0,0.00%,0.00%,$0.00 ,0.00%
4/8/2025,Amazon U.S._RMI_Good Employer and Pro SMB_H1'25_TTD_In-Article_300x250_1P OE AUDIENCE_Cross-Platform Venti Display,KRG-x8c8-43674,$6.29 ,$1.00 ,"406,658","$2,559.50 ",$6.29 ,"953,112,900","1,860,261","2,258,348",0.20%,21.86%,$5.38 ,85.53%
4/8/2025,Amazon U.S._RMI_Good Employer and Pro SMB_H1'25_TTD_In-Article_300x250_1P OE INCREMENTAL AUDIENCE_Cross-Platform Venti Video,KRG-l5ia-45158,$7.29 ,$0.00 ,0,$0.00 ,$0.00 ,"953,112,900",0,0,0.00%,0.00%,$0.00 ,0.00%
4/8/2025,Amazon U.S._RMI_Good Employer and Pro SMB_H1'25_TTD_Instream Video_1P OE AUDIENCE_Cross-Platform Enhanced Pre-Roll,KRG-9qcd-43672,$17.00 ,$1.00 ,"656,351","$12,032.49 ",$18.33 ,"649,087,700","3,195,296","3,406,502",0.49%,20.54%,$17.36 ,102.12%
4/8/2025,Amazon U.S._RMI_Good Employer and Pro SMB_H1'25_TTD_In-Article_300x250_1P OE INCREMENTAL AUDIENCE_Cross-Platform Venti Display,KRG-wcg9-45157,$6.29 ,$0.00 ,0,$0.00 ,$0.00 ,"953,112,900",0,0,0.00%,0.00%,$0.00 ,0.00%
4/8/2025,Amazon U.S._RMI_Good Employer and Pro SMB_H1'25_TTD_ADHESION_1P OE INCREMENTAL AUDIENCE_Cross-Platform Runway,KRG-0hqh-45156,$7.00 ,$0.00 ,0,$0.00 ,$0.00 ,"329,374,600",0,0,0.00%,0.00%,$0.00 ,0.00%
4/8/2025,Amazon U.S._RMI_Good Employer and Pro SMB_H1'25_TTD_ADHESION_1P OE AUDIENCE_Cross-Platform Runway,KRG-rlf9-43675,$7.00 ,$1.00 ,"78,928",$552.74 ,$7.00 ,"329,374,600","263,057","265,063",0.08%,30.00%,$7.00 ,100.00%
4/8/2025,Amazon U.S._RMI_Good Employer and Pro SMB_H1'25_TTD_Instream Video_1P OE INCREMENTAL AUDIENCE_Cross-Platform Enhanced Pre-Roll,KRG-e5ws-45159,$17.00 ,$0.00 ,0,$0.00 ,$0.00 ,"649,087,700",0,0,0.00%,0.00%,$0.00 ,0.00%
4/9/2025,Amazon U.S._RMI_Good Employer and Pro SMB_H1'25_TTD_ADHESION_1P OE INCREMENTAL AUDIENCE_Cross-Platform Runway,KRG-0hqh-45156,$7.00 ,$0.00 ,0,$0.00 ,$0.00 ,"310,293,800",0,0,0.00%,0.00%,$0.00 ,0.00%
4/9/2025,Amazon U.S._RMI_Good Employer and Pro SMB_H1'25_TTD_In-Article_300x250_1P OE INCREMENTAL AUDIENCE_Cross-Platform Venti Display,KRG-wcg9-45157,$6.29 ,$0.00 ,0,$0.00 ,$0.00 ,"886,260,700",0,0,0.00%,0.00%,$0.00 ,0.00%
4/9/2025,Amazon U.S._RMI_Good Employer and Pro SMB_H1'25_TTD_Instream Video_1P OE INCREMENTAL AUDIENCE_Cross-Platform Enhanced Pre-Roll,KRG-e5ws-45159,$17.00 ,$1.00 ,185,$3.51 ,$18.96 ,"629,477,200",537,616,0.00%,34.45%,$16.91 ,99.47%
4/9/2025,Amazon U.S._RMI_Good Employer and Pro SMB_H1'25_TTD_Instream Video_1P OE AUDIENCE_Cross-Platform Enhanced Pre-Roll,KRG-9qcd-43672,$17.00 ,$1.00 ,"636,608","$11,574.08 ",$18.18 ,"629,477,200","3,080,662","3,290,463",0.49%,20.66%,$17.24 ,101.41%
4/9/2025,Amazon U.S._RMI_Good Employer and Pro SMB_H1'25_TTD_In-Article_300x250_1P OE AUDIENCE_Cross-Platform Venti Display,KRG-x8c8-43674,$6.29 ,$1.00 ,"397,723","$2,503.13 ",$6.29 ,"886,260,700","1,785,526","2,187,963",0.20%,22.27%,$5.34 ,84.90%
4/9/2025,Amazon U.S._RMI_Good Employer and Pro SMB_H1'25_TTD_In-Article_300x250_1P OE AUDIENCE_Cross-Platform Venti Video,KRG-pja5-43673,$7.29 ,$1.00 ,"141,508","$1,032.06 ",$7.29 ,"886,260,700","539,283","543,248",0.06%,26.24%,$7.29 ,100.00%
4/9/2025,Amazon U.S._RMI_Good Employer and Pro SMB_H1'25_TTD_Enhanced CTV,KRG-0gx7-44475,$26.50 ,$0.00 ,0,$0.00 ,$0.00 ,"6,343,037,700",0,0,0.00%,0.00%,$0.00 ,0.00%
4/9/2025,Amazon U.S._RMI_Good Employer and Pro SMB_H1'25_TTD_ADHESION_1P OE AUDIENCE_Cross-Platform Runway,KRG-rlf9-43675,$7.00 ,$1.00 ,"82,232",$575.92 ,$7.00 ,"310,293,800","275,947","280,590",0.09%,29.80%,$7.00 ,100.00%
4/9/2025,Amazon U.S._RMI_Good Employer and Pro SMB_H1'25_TTD_In-Article_300x250_1P OE INCREMENTAL AUDIENCE_Cross-Platform Venti Video,KRG-l5ia-45158,$7.29 ,$0.00 ,0,$0.00 ,$0.00 ,"886,260,700",0,0,0.00%,0.00%,$0.00 ,0.00%
4/9/2025,Amazon U.S._RMI_Good Employer and Pro SMB_H1'25_TTD_Instream Video_1P OE AUDIENCE_Cross-Platform STANDARD Pre-Roll,KRG-nyw4-44580,$15.00 ,$1.00 ,"41,049","$1,441.91 ",$35.13 ,"629,477,200","134,044","134,064",0.02%,30.62%,$31.09 ,207.27%
4/10/2025,Amazon U.S._RMI_Good Employer and Pro SMB_H1'25_TTD_ADHESION_1P OE INCREMENTAL AUDIENCE_Cross-Platform Runway,KRG-0hqh-45156,$7.00 ,$0.00 ,0,$0.00 ,$0.00 ,"303,728,600",0,0,0.00%,0.00%,$0.00 ,0.00%
4/10/2025,Amazon U.S._RMI_Good Employer and Pro SMB_H1'25_TTD_Instream Video_1P OE AUDIENCE_Cross-Platform Enhanced Pre-Roll,KRG-9qcd-43672,$17.00 ,$0.00 ,0,$0.00 ,$0.00 ,"606,334,900",0,0,0.00%,0.00%,$0.00 ,0.00%
4/10/2025,Amazon U.S._RMI_Good Employer and Pro SMB_H1'25_TTD_In-Article_300x250_1P OE INCREMENTAL AUDIENCE_Cross-Platform Venti Video,KRG-l5ia-45158,$7.29 ,$1.00 ,"1,153,454","$8,417.80 ",$7.30 ,"872,189,400","4,154,285","4,180,239",0.48%,27.77%,$7.29 ,100.00%
4/10/2025,Amazon U.S._RMI_Good Employer and Pro SMB_H1'25_TTD_Instream Video_1P OE AUDIENCE_Cross-Platform STANDARD Pre-Roll,KRG-nyw4-44580,$15.00 ,$1.00 ,"20,398",$672.93 ,$32.99 ,"606,334,900","78,733","78,739",0.01%,25.91%,$28.67 ,191.13%
4/10/2025,Amazon U.S._RMI_Good Employer and Pro SMB_H1'25_TTD_Enhanced CTV,KRG-0gx7-44475,$26.50 ,$0.00 ,0,$0.00 ,$0.00 ,"6,467,000,200",0,0,0.00%,0.00%,$0.00 ,0.00%
4/10/2025,Amazon U.S._RMI_Good Employer and Pro SMB_H1'25_TTD_ADHESION_1P OE AUDIENCE_Cross-Platform Runway,KRG-rlf9-43675,$7.00 ,$1.00 ,"135,795",$951.28 ,$7.01 ,"303,728,600","473,284","493,854",0.16%,28.69%,$7.00 ,100.00%
4/10/2025,Amazon U.S._RMI_Good Employer and Pro SMB_H1'25_TTD_Instream Video_1P OE INCREMENTAL AUDIENCE_Cross-Platform Enhanced Pre-Roll,KRG-e5ws-45159,$17.00 ,$1.00 ,"731,431","$16,178.86 ",$22.12 ,"606,334,900","2,480,939","2,487,538",0.41%,29.48%,$22.16 ,130.35%
4/10/2025,Amazon U.S._RMI_Good Employer and Pro SMB_H1'25_TTD_In-Article_300x250_1P OE INCREMENTAL AUDIENCE_Cross-Platform Venti Display,KRG-wcg9-45157,$6.29 ,$0.00 ,0,$0.00 ,$0.00 ,"872,189,400",0,0,0.00%,0.00%,$0.00 ,0.00%
4/10/2025,Amazon U.S._RMI_Good Employer and Pro SMB_H1'25_TTD_In-Article_300x250_1P OE AUDIENCE_Cross-Platform Venti Video,KRG-pja5-43673,$7.29 ,$1.00 ,"165,752","$1,208.91 ",$7.29 ,"872,189,400","682,644","687,283",0.08%,24.28%,$7.29 ,100.00%
4/10/2025,Amazon U.S._RMI_Good Employer and Pro SMB_H1'25_TTD_In-Article_300x250_1P OE AUDIENCE_Cross-Platform Venti Display,KRG-x8c8-43674,$6.29 ,$1.00 ,"282,086","$1,775.47 ",$6.29 ,"872,189,400","1,291,387","1,597,583",0.15%,21.84%,$5.30 ,84.26%
4/11/2025,Amazon U.S._RMI_Good Employer and Pro SMB_H1'25_TTD_Instream Video_1P OE AUDIENCE_Cross-Platform Enhanced Pre-Roll,KRG-9qcd-43672,$17.00 ,$0.00 ,0,$0.00 ,$0.00 ,"599,847,500",0,0,0.00%,0.00%,$0.00 ,0.00%
4/11/2025,Amazon U.S._RMI_Good Employer and Pro SMB_H1'25_TTD_Instream Video_1P OE INCREMENTAL AUDIENCE_Cross-Platform Enhanced Pre-Roll,KRG-e5ws-45159,$17.00 ,$1.00 ,"1,065,999","$23,736.10 ",$22.27 ,"599,847,500","3,480,978","3,481,722",0.58%,30.62%,$22.32 ,131.29%
4/11/2025,Amazon U.S._RMI_Good Employer and Pro SMB_H1'25_TTD_In-Article_300x250_1P OE AUDIENCE_Cross-Platform Venti Display,KRG-x8c8-43674,$6.29 ,$1.00 ,"208,182","$1,310.79 ",$6.30 ,"872,891,300","953,994","1,213,878",0.11%,21.82%,$5.18 ,82.35%
4/11/2025,Amazon U.S._RMI_Good Employer and Pro SMB_H1'25_TTD_ADHESION_1P OE INCREMENTAL AUDIENCE_Cross-Platform Runway,KRG-0hqh-45156,$7.00 ,$1.00 ,"699,695","$4,914.73 ",$7.02 ,"303,463,500","2,385,664","2,437,009",0.79%,29.33%,$7.02 ,100.29%
4/11/2025,Amazon U.S._RMI_Good Employer and Pro SMB_H1'25_TTD_In-Article_300x250_1P OE INCREMENTAL AUDIENCE_Cross-Platform Venti Video,KRG-l5ia-45158,$7.29 ,$1.00 ,"1,256,685","$9,182.86 ",$7.31 ,"872,891,300","4,196,660","4,217,735",0.48%,29.94%,$7.31 ,100.27%
4/11/2025,Amazon U.S._RMI_Good Employer and Pro SMB_H1'25_TTD_In-Article_300x250_1P OE INCREMENTAL AUDIENCE_Cross-Platform Venti Display,KRG-wcg9-45157,$6.29 ,$1.00 ,"843,845","$5,356.86 ",$6.35 ,"872,891,300","3,409,886","3,427,059",0.39%,24.75%,$6.36 ,101.11%
4/11/2025,Amazon U.S._RMI_Good Employer and Pro SMB_H1'25_TTD_In-Article_300x250_1P OE AUDIENCE_Cross-Platform Venti Video,KRG-pja5-43673,$7.29 ,$1.00 ,"171,346","$1,249.89 ",$7.29 ,"872,891,300","699,877","704,327",0.08%,24.48%,$7.29 ,100.00%
4/11/2025,Amazon U.S._RMI_Good Employer and Pro SMB_H1'25_TTD_ADHESION_1P OE AUDIENCE_Cross-Platform Runway,KRG-rlf9-43675,$7.00 ,$1.00 ,"179,348","$1,256.68 ",$7.01 ,"303,463,500","596,966","609,364",0.20%,30.04%,$7.00 ,100.00%
4/11/2025,Amazon U.S._RMI_Good Employer and Pro SMB_H1'25_TTD_Instream Video_1P OE AUDIENCE_Cross-Platform STANDARD Pre-Roll,KRG-nyw4-44580,$15.00 ,$1.00 ,"12,329",$421.82 ,$34.21 ,"599,847,500","39,481","39,492",0.01%,31.23%,$30.33 ,202.20%
4/11/2025,Amazon U.S._RMI_Good Employer and Pro SMB_H1'25_TTD_Enhanced CTV,KRG-0gx7-44475,$26.50 ,$0.00 ,0,$0.00 ,$0.00 ,"6,378,745,200",0,0,0.00%,0.00%,$0.00 ,0.00%
4/12/2025,Amazon U.S._RMI_Good Employer and Pro SMB_H1'25_TTD_In-Article_300x250_1P OE INCREMENTAL AUDIENCE_Cross-Platform Venti Video,KRG-l5ia-45158,$7.29 ,$1.00 ,"926,155","$6,766.86 ",$7.31 ,"808,837,100","3,303,649","3,318,006",0.41%,28.03%,$7.31 ,100.27%
4/12/2025,Amazon U.S._RMI_Good Employer and Pro SMB_H1'25_TTD_In-Article_300x250_1P OE AUDIENCE_Cross-Platform Venti Video,KRG-pja5-43673,$7.29 ,$1.00 ,"150,986","$1,101.29 ",$7.29 ,"808,837,100","669,713","673,367",0.08%,22.54%,$7.29 ,100.00%
4/12/2025,Amazon U.S._RMI_Good Employer and Pro SMB_H1'25_TTD_In-Article_300x250_1P OE INCREMENTAL AUDIENCE_Cross-Platform Venti Display,KRG-wcg9-45157,$6.29 ,$1.00 ,"825,222","$5,270.70 ",$6.39 ,"808,837,100","3,680,199","3,696,725",0.46%,22.42%,$6.42 ,102.07%
4/12/2025,Amazon U.S._RMI_Good Employer and Pro SMB_H1'25_TTD_Instream Video_1P OE AUDIENCE_Cross-Platform Enhanced Pre-Roll,KRG-9qcd-43672,$17.00 ,$0.00 ,0,$0.00 ,$0.00 ,"606,308,300",0,0,0.00%,0.00%,$0.00 ,0.00%
4/12/2025,Amazon U.S._RMI_Good Employer and Pro SMB_H1'25_TTD_Enhanced CTV,KRG-0gx7-44475,$26.50 ,$0.00 ,0,$0.00 ,$0.00 ,"6,323,553,300",0,0,0.00%,0.00%,$0.00 ,0.00%
4/12/2025,Amazon U.S._RMI_Good Employer and Pro SMB_H1'25_TTD_Instream Video_1P OE AUDIENCE_Cross-Platform STANDARD Pre-Roll,KRG-nyw4-44580,$15.00 ,$1.00 ,"2,058",$54.31 ,$26.39 ,"606,308,300","9,127","9,155",0.00%,22.55%,$22.59 ,150.60%
4/12/2025,Amazon U.S._RMI_Good Employer and Pro SMB_H1'25_TTD_In-Article_300x250_1P OE AUDIENCE_Cross-Platform Venti Display,KRG-x8c8-43674,$6.29 ,$1.00 ,"184,208","$1,160.72 ",$6.30 ,"808,837,100","902,672","1,108,422",0.11%,20.41%,$5.34 ,84.90%
4/12/2025,Amazon U.S._RMI_Good Employer and Pro SMB_H1'25_TTD_Instream Video_1P OE INCREMENTAL AUDIENCE_Cross-Platform Enhanced Pre-Roll,KRG-e5ws-45159,$17.00 ,$1.00 ,"1,052,724","$23,812.81 ",$22.62 ,"606,308,300","3,281,211","3,285,520",0.54%,32.08%,$22.67 ,133.35%
4/12/2025,Amazon U.S._RMI_Good Employer and Pro SMB_H1'25_TTD_ADHESION_1P OE INCREMENTAL AUDIENCE_Cross-Platform Runway,KRG-0hqh-45156,$7.00 ,$1.00 ,"811,834","$5,702.99 ",$7.02 ,"319,461,700","2,717,684","2,745,865",0.85%,29.87%,$7.03 ,100.43%
4/12/2025,Amazon U.S._RMI_Good Employer and Pro SMB_H1'25_TTD_ADHESION_1P OE AUDIENCE_Cross-Platform Runway,KRG-rlf9-43675,$7.00 ,$1.00 ,"158,765","$1,112.36 ",$7.01 ,"319,461,700","525,665","529,358",0.16%,30.20%,$7.01 ,100.14%
4/13/2025,Amazon U.S._RMI_Good Employer and Pro SMB_H1'25_TTD_Instream Video_1P OE AUDIENCE_Cross-Platform Enhanced Pre-Roll,KRG-9qcd-43672,$17.00 ,$0.00 ,0,$0.00 ,$0.00 ,"655,759,600",0,0,0.00%,0.00%,$0.00 ,0.00%
4/13/2025,Amazon U.S._RMI_Good Employer and Pro SMB_H1'25_TTD_Instream Video_1P OE INCREMENTAL AUDIENCE_Cross-Platform Enhanced Pre-Roll,KRG-e5ws-45159,$17.00 ,$1.00 ,"1,079,714","$24,509.35 ",$22.70 ,"655,759,600","3,088,740","3,091,293",0.47%,34.96%,$22.77 ,133.94%
4/13/2025,Amazon U.S._RMI_Good Employer and Pro SMB_H1'25_TTD_Instream Video_1P OE AUDIENCE_Cross-Platform STANDARD Pre-Roll,KRG-nyw4-44580,$15.00 ,$1.00 ,"2,062",$56.04 ,$27.18 ,"655,759,600","10,242","10,252",0.00%,20.13%,$22.88 ,152.53%
4/13/2025,Amazon U.S._RMI_Good Employer and Pro SMB_H1'25_TTD_In-Article_300x250_1P OE INCREMENTAL AUDIENCE_Cross-Platform Venti Display,KRG-wcg9-45157,$6.29 ,$1.00 ,"893,499","$5,737.34 ",$6.42 ,"875,976,500","3,927,438","3,946,714",0.45%,22.75%,$6.48 ,103.02%
4/13/2025,Amazon U.S._RMI_Good Employer and Pro SMB_H1'25_TTD_Enhanced CTV,KRG-0gx7-44475,$26.50 ,$0.00 ,0,$0.00 ,$0.00 ,"6,392,668,700",0,0,0.00%,0.00%,$0.00 ,0.00%
4/13/2025,Amazon U.S._RMI_Good Employer and Pro SMB_H1'25_TTD_In-Article_300x250_1P OE INCREMENTAL AUDIENCE_Cross-Platform Venti Video,KRG-l5ia-45158,$7.29 ,$1.00 ,"920,408","$6,732.69 ",$7.31 ,"875,976,500","3,258,249","3,273,883",0.37%,28.25%,$7.33 ,100.55%
4/13/2025,Amazon U.S._RMI_Good Employer and Pro SMB_H1'25_TTD_In-Article_300x250_1P OE AUDIENCE_Cross-Platform Venti Video,KRG-pja5-43673,$7.29 ,$1.00 ,"151,229","$1,103.38 ",$7.30 ,"875,976,500","687,029","691,373",0.08%,22.01%,$7.30 ,100.14%
4/13/2025,Amazon U.S._RMI_Good Employer and Pro SMB_H1'25_TTD_In-Article_300x250_1P OE AUDIENCE_Cross-Platform Venti Display,KRG-x8c8-43674,$6.29 ,$1.00 ,"183,491","$1,157.74 ",$6.31 ,"875,976,500","904,480","1,107,694",0.10%,20.29%,$5.37 ,85.37%
4/13/2025,Amazon U.S._RMI_Good Employer and Pro SMB_H1'25_TTD_ADHESION_1P OE INCREMENTAL AUDIENCE_Cross-Platform Runway,KRG-0hqh-45156,$7.00 ,$1.00 ,"896,277","$6,303.38 ",$7.03 ,"350,749,400","2,820,843","2,858,776",0.80%,31.77%,$7.06 ,100.86%
4/13/2025,Amazon U.S._RMI_Good Employer and Pro SMB_H1'25_TTD_ADHESION_1P OE AUDIENCE_Cross-Platform Runway,KRG-rlf9-43675,$7.00 ,$1.00 ,"159,294","$1,116.14 ",$7.01 ,"350,749,400","526,217","531,300",0.15%,30.27%,$7.01 ,100.14%
4/14/2025,Amazon U.S._RMI_Good Employer and Pro SMB_H1'25_TTD_In-Article_300x250_1P OE AUDIENCE_Cross-Platform Venti Video,KRG-pja5-43673,$7.29 ,$1.00 ,"154,451","$1,126.52 ",$7.29 ,"930,566,400","576,524","580,466",0.06%,26.79%,$7.29 ,100.00%
4/14/2025,Amazon U.S._RMI_Good Employer and Pro SMB_H1'25_TTD_ADHESION_1P OE INCREMENTAL AUDIENCE_Cross-Platform Runway,KRG-0hqh-45156,$7.00 ,$1.00 ,"876,259","$6,148.89 ",$7.02 ,"319,025,600","2,565,734","2,580,953",0.80%,34.15%,$7.03 ,100.43%
4/14/2025,Amazon U.S._RMI_Good Employer and Pro SMB_H1'25_TTD_In-Article_300x250_1P OE INCREMENTAL AUDIENCE_Cross-Platform Venti Display,KRG-wcg9-45157,$6.29 ,$1.00 ,"1,104,935","$7,019.70 ",$6.35 ,"930,566,400","4,112,220","4,134,736",0.44%,26.87%,$6.40 ,101.75%
4/14/2025,Amazon U.S._RMI_Good Employer and Pro SMB_H1'25_TTD_Enhanced CTV,KRG-0gx7-44475,$26.50 ,$0.00 ,0,$0.00 ,$0.00 ,"5,926,315,500",0,0,0.00%,0.00%,$0.00 ,0.00%
4/14/2025,Amazon U.S._RMI_Good Employer and Pro SMB_H1'25_TTD_Instream Video_1P OE AUDIENCE_Cross-Platform STANDARD Pre-Roll,KRG-nyw4-44580,$15.00 ,$1.00 ,"5,628",$153.44 ,$27.26 ,"625,015,400","22,230","22,246",0.00%,25.32%,$23.83 ,158.87%
4/14/2025,Amazon U.S._RMI_Good Employer and Pro SMB_H1'25_TTD_In-Article_300x250_1P OE AUDIENCE_Cross-Platform Venti Display,KRG-x8c8-43674,$6.29 ,$1.00 ,"186,840","$1,176.91 ",$6.30 ,"930,566,400","771,229","948,522",0.08%,24.23%,$5.34 ,84.90%
4/14/2025,Amazon U.S._RMI_Good Employer and Pro SMB_H1'25_TTD_In-Article_300x250_1P OE INCREMENTAL AUDIENCE_Cross-Platform Venti Video,KRG-l5ia-45158,$7.29 ,$1.00 ,"1,114,394","$8,138.79 ",$7.30 ,"930,566,400","3,380,747","3,401,117",0.36%,32.96%,$7.31 ,100.27%
4/14/2025,Amazon U.S._RMI_Good Employer and Pro SMB_H1'25_TTD_Instream Video_1P OE AUDIENCE_Cross-Platform Enhanced Pre-Roll,KRG-9qcd-43672,$17.00 ,$0.00 ,0,$0.00 ,$0.00 ,"625,015,400",0,0,0.00%,0.00%,$0.00 ,0.00%
4/14/2025,Amazon U.S._RMI_Good Employer and Pro SMB_H1'25_TTD_ADHESION_1P OE AUDIENCE_Cross-Platform Runway,KRG-rlf9-43675,$7.00 ,$1.00 ,"159,937","$1,120.39 ",$7.01 ,"319,025,600","483,788","486,567",0.15%,33.06%,$7.01 ,100.14%
4/14/2025,Amazon U.S._RMI_Good Employer and Pro SMB_H1'25_TTD_Instream Video_1P OE INCREMENTAL AUDIENCE_Cross-Platform Enhanced Pre-Roll,KRG-e5ws-45159,$17.00 ,$1.00 ,"1,032,215","$23,169.66 ",$22.45 ,"625,015,400","3,170,799","3,171,282",0.51%,32.55%,$22.48 ,132.24%
4/15/2025,Amazon U.S._RMI_Good Employer and Pro SMB_H1'25_TTD_Enhanced CTV,KRG-0gx7-44475,$26.50 ,$0.00 ,0,$0.00 ,$0.00 ,"5,787,246,300",0,0,0.00%,0.00%,$0.00 ,0.00%
4/15/2025,Amazon U.S._RMI_Good Employer and Pro SMB_H1'25_TTD_In-Article_300x250_1P OE INCREMENTAL AUDIENCE_Cross-Platform Venti Video,KRG-l5ia-45158,$7.29 ,$1.00 ,"914,854","$6,680.81 ",$7.30 ,"915,418,500","3,064,541","3,083,212",0.33%,29.85%,$7.31 ,100.27%
4/15/2025,Amazon U.S._RMI_Good Employer and Pro SMB_H1'25_TTD_ADHESION_1P OE AUDIENCE_Cross-Platform Runway,KRG-rlf9-43675,$7.00 ,$1.00 ,"160,036","$1,121.13 ",$7.01 ,"335,072,700","469,283","474,396",0.14%,34.10%,$7.01 ,100.14%
4/15/2025,Amazon U.S._RMI_Good Employer and Pro SMB_H1'25_TTD_ADHESION_1P OE INCREMENTAL AUDIENCE_Cross-Platform Runway,KRG-0hqh-45156,$7.00 ,$1.00 ,"810,413","$5,686.39 ",$7.02 ,"335,072,700","2,410,393","2,437,384",0.72%,33.62%,$7.02 ,100.29%
4/15/2025,Amazon U.S._RMI_Good Employer and Pro SMB_H1'25_TTD_Instream Video_1P OE AUDIENCE_Cross-Platform Enhanced Pre-Roll,KRG-9qcd-43672,$17.00 ,$0.00 ,0,$0.00 ,$0.00 ,"623,684,900",0,0,0.00%,0.00%,$0.00 ,0.00%
4/15/2025,Amazon U.S._RMI_Good Employer and Pro SMB_H1'25_TTD_Instream Video_1P OE AUDIENCE_Cross-Platform STANDARD Pre-Roll,KRG-nyw4-44580,$15.00 ,$1.00 ,"11,891",$323.28 ,$27.19 ,"623,684,900","44,611","44,700",0.01%,26.65%,$24.07 ,160.47%
4/15/2025,Amazon U.S._RMI_Good Employer and Pro SMB_H1'25_TTD_In-Article_300x250_1P OE AUDIENCE_Cross-Platform Venti Video,KRG-pja5-43673,$7.29 ,$1.00 ,"299,796","$2,186.98 ",$7.29 ,"915,418,500","1,110,938","1,116,814",0.12%,26.99%,$7.29 ,100.00%
4/15/2025,Amazon U.S._RMI_Good Employer and Pro SMB_H1'25_TTD_In-Article_300x250_1P OE AUDIENCE_Cross-Platform Venti Display,KRG-x8c8-43674,$6.29 ,$1.00 ,"319,577","$2,014.38 ",$6.30 ,"915,418,500","1,361,794","1,572,917",0.15%,23.47%,$5.64 ,89.67%
4/15/2025,Amazon U.S._RMI_Good Employer and Pro SMB_H1'25_TTD_In-Article_300x250_1P OE INCREMENTAL AUDIENCE_Cross-Platform Venti Display,KRG-wcg9-45157,$6.29 ,$1.00 ,"901,678","$5,734.59 ",$6.36 ,"915,418,500","3,749,314","3,769,659",0.41%,24.05%,$6.40 ,101.75%
4/15/2025,Amazon U.S._RMI_Good Employer and Pro SMB_H1'25_TTD_Instream Video_1P OE INCREMENTAL AUDIENCE_Cross-Platform Enhanced Pre-Roll,KRG-e5ws-45159,$17.00 ,$1.00 ,"920,217","$18,659.68 ",$20.28 ,"623,684,900","3,802,984","3,805,366",0.61%,24.20%,$20.26 ,119.18%
4/16/2025,Amazon U.S._RMI_Good Employer and Pro SMB_H1'25_TTD_Instream Video_1P OE AUDIENCE_Cross-Platform Enhanced Pre-Roll,KRG-9qcd-43672,$17.00 ,$0.00 ,0,$0.00 ,$0.00 ,"609,129,400",0,0,0.00%,0.00%,$0.00 ,0.00%
4/16/2025,Amazon U.S._RMI_Good Employer and Pro SMB_H1'25_TTD_Instream Video_1P OE INCREMENTAL AUDIENCE_Cross-Platform Enhanced Pre-Roll,KRG-e5ws-45159,$17.00 ,$1.00 ,"1,122,460","$45,055.56 ",$40.14 ,"609,129,400","3,720,208","3,721,066",0.61%,30.17%,$38.61 ,227.12%
4/16/2025,Amazon U.S._RMI_Good Employer and Pro SMB_H1'25_TTD_ADHESION_1P OE AUDIENCE_Cross-Platform Runway,KRG-rlf9-43675,$7.00 ,$1.00 ,"158,043","$1,107.44 ",$7.01 ,"323,065,100","451,564","454,356",0.14%,35.00%,$7.01 ,100.14%
4/16/2025,Amazon U.S._RMI_Good Employer and Pro SMB_H1'25_TTD_In-Article_300x250_1P OE INCREMENTAL AUDIENCE_Cross-Platform Venti Display,KRG-wcg9-45157,$6.29 ,$1.00 ,"1,328,585","$17,548.54 ",$13.21 ,"909,309,400","5,166,342","5,197,313",0.57%,25.72%,$9.65 ,153.42%
4/16/2025,Amazon U.S._RMI_Good Employer and Pro SMB_H1'25_TTD_Instream Video_1P OE AUDIENCE_Cross-Platform STANDARD Pre-Roll,KRG-nyw4-44580,$15.00 ,$1.00 ,"9,279",$246.73 ,$26.59 ,"609,129,400","33,258","33,260",0.01%,27.90%,$23.72 ,158.13%
4/16/2025,Amazon U.S._RMI_Good Employer and Pro SMB_H1'25_TTD_In-Article_300x250_1P OE INCREMENTAL AUDIENCE_Cross-Platform Venti Video,KRG-l5ia-45158,$7.29 ,$1.00 ,"693,629","$13,820.10 ",$19.92 ,"909,309,400","1,865,052","1,869,920",0.21%,37.19%,$19.37 ,265.71%
4/16/2025,Amazon U.S._RMI_Good Employer and Pro SMB_H1'25_TTD_Enhanced CTV,KRG-0gx7-44475,$26.50 ,$0.00 ,0,$0.00 ,$0.00 ,"5,829,116,800",0,0,0.00%,0.00%,$0.00 ,0.00%
4/16/2025,Amazon U.S._RMI_Good Employer and Pro SMB_H1'25_TTD_ADHESION_1P OE INCREMENTAL AUDIENCE_Cross-Platform Runway,KRG-0hqh-45156,$7.00 ,$1.00 ,"963,147","$17,600.08 ",$18.27 ,"323,065,100","2,448,208","2,457,584",0.76%,39.34%,$13.78 ,196.86%
4/16/2025,Amazon U.S._RMI_Good Employer and Pro SMB_H1'25_TTD_In-Article_300x250_1P OE AUDIENCE_Cross-Platform Venti Video,KRG-pja5-43673,$7.29 ,$1.00 ,"297,107","$2,167.46 ",$7.30 ,"909,309,400","1,111,776","1,117,185",0.12%,26.72%,$7.29 ,100.00%
4/16/2025,Amazon U.S._RMI_Good Employer and Pro SMB_H1'25_TTD_In-Article_300x250_1P OE AUDIENCE_Cross-Platform Venti Display,KRG-x8c8-43674,$6.29 ,$1.00 ,"318,844","$2,008.39 ",$6.30 ,"909,309,400","1,364,070","1,556,893",0.15%,23.37%,$5.70 ,90.62%
4/17/2025,Amazon U.S._RMI_Good Employer and Pro SMB_H1'25_TTD_Instream Video_1P OE INCREMENTAL AUDIENCE_Cross-Platform Enhanced Pre-Roll,KRG-e5ws-45159,$17.00 ,$1.00 ,"1,146,830","$66,817.12 ",$58.26 ,"598,292,300","2,688,543","2,688,926",0.45%,42.66%,$55.86 ,328.59%
4/17/2025,Amazon U.S._RMI_Good Employer and Pro SMB_H1'25_TTD_Instream Video_1P OE AUDIENCE_Cross-Platform Enhanced Pre-Roll,KRG-9qcd-43672,$17.00 ,$0.00 ,0,$0.00 ,$0.00 ,"598,292,300",0,0,0.00%,0.00%,$0.00 ,0.00%
4/17/2025,Amazon U.S._RMI_Good Employer and Pro SMB_H1'25_TTD_ADHESION_1P OE INCREMENTAL AUDIENCE_Cross-Platform Runway,KRG-0hqh-45156,$7.00 ,$1.00 ,"603,775","$27,160.94 ",$44.99 ,"297,161,700","887,060","887,682",0.30%,68.06%,$44.98 ,642.57%
4/17/2025,Amazon U.S._RMI_Good Employer and Pro SMB_H1'25_TTD_In-Article_300x250_1P OE AUDIENCE_Cross-Platform Venti Display,KRG-x8c8-43674,$6.29 ,$1.00 ,"114,427",$720.79 ,$6.30 ,"889,993,000","572,116","713,070",0.06%,20.00%,$5.27 ,83.78%
4/17/2025,Amazon U.S._RMI_Good Employer and Pro SMB_H1'25_TTD_ADHESION_1P OE AUDIENCE_Cross-Platform Runway,KRG-rlf9-43675,$7.00 ,$1.00 ,"204,186","$1,431.49 ",$7.01 ,"297,161,700","672,771","674,894",0.23%,30.35%,$7.01 ,100.14%
4/17/2025,Amazon U.S._RMI_Good Employer and Pro SMB_H1'25_TTD_In-Article_300x250_1P OE INCREMENTAL AUDIENCE_Cross-Platform Venti Video,KRG-l5ia-45158,$7.29 ,$1.00 ,"1,524,755","$53,364.63 ",$35.00 ,"889,993,000","3,257,411","3,266,086",0.37%,46.81%,$35.00 ,480.11%
4/17/2025,Amazon U.S._RMI_Good Employer and Pro SMB_H1'25_TTD_Enhanced CTV,KRG-0gx7-44475,$26.50 ,$0.00 ,0,$0.00 ,$0.00 ,"5,737,915,300",0,0,0.00%,0.00%,$0.00 ,0.00%
4/17/2025,Amazon U.S._RMI_Good Employer and Pro SMB_H1'25_TTD_Instream Video_1P OE AUDIENCE_Cross-Platform STANDARD Pre-Roll,KRG-nyw4-44580,$15.00 ,$1.00 ,"70,386","$2,013.49 ",$28.61 ,"598,292,300","269,513","269,558",0.05%,26.12%,$25.39 ,169.27%
4/17/2025,Amazon U.S._RMI_Good Employer and Pro SMB_H1'25_TTD_In-Article_300x250_1P OE INCREMENTAL AUDIENCE_Cross-Platform Venti Display,KRG-wcg9-45157,$6.29 ,$1.00 ,"607,783","$27,341.30 ",$44.99 ,"889,993,000","1,021,955","1,024,430",0.11%,59.47%,$44.98 ,715.10%
4/17/2025,Amazon U.S._RMI_Good Employer and Pro SMB_H1'25_TTD_In-Article_300x250_1P OE AUDIENCE_Cross-Platform Venti Video,KRG-pja5-43673,$7.29 ,$1.00 ,"79,164",$577.78 ,$7.30 ,"889,993,000","382,071","383,656",0.04%,20.72%,$7.29 ,100.00%
4/18/2025,Amazon U.S._RMI_Good Employer and Pro SMB_H1'25_TTD_In-Article_300x250_1P OE INCREMENTAL AUDIENCE_Cross-Platform Venti Video,KRG-l5ia-45158,$7.29 ,$1.00 ,"497,512","$17,410.32 ",$34.99 ,"883,388,400","950,383","952,183",0.11%,52.35%,$34.99 ,479.97%
4/18/2025,Amazon U.S._RMI_Good Employer and Pro SMB_H1'25_TTD_In-Article_300x250_1P OE AUDIENCE_Cross-Platform Venti Display,KRG-x8c8-43674,$6.29 ,$1.00 ,"97,174",$612.10 ,$6.30 ,"883,388,400","491,026","670,465",0.06%,19.79%,$4.85 ,77.11%
4/18/2025,Amazon U.S._RMI_Good Employer and Pro SMB_H1'25_TTD_ADHESION_1P OE INCREMENTAL AUDIENCE_Cross-Platform Runway,KRG-0hqh-45156,$7.00 ,$1.00 ,"354,597","$15,946.47 ",$44.97 ,"339,544,000","528,533","529,012",0.16%,67.09%,$44.96 ,642.29%
4/18/2025,Amazon U.S._RMI_Good Employer and Pro SMB_H1'25_TTD_In-Article_300x250_1P OE INCREMENTAL AUDIENCE_Cross-Platform Venti Display,KRG-wcg9-45157,$6.29 ,$1.00 ,"357,282","$13,832.53 ",$38.72 ,"883,388,400","627,662","628,879",0.07%,56.92%,$36.90 ,586.65%
4/18/2025,Amazon U.S._RMI_Good Employer and Pro SMB_H1'25_TTD_Instream Video_1P OE AUDIENCE_Cross-Platform STANDARD Pre-Roll,KRG-nyw4-44580,$15.00 ,$1.00 ,"4,792",$128.29 ,$26.77 ,"625,157,400","11,211","11,212",0.00%,42.74%,$24.97 ,166.47%
4/18/2025,Amazon U.S._RMI_Good Employer and Pro SMB_H1'25_TTD_Enhanced CTV,KRG-0gx7-44475,$26.50 ,$0.00 ,0,$0.00 ,$0.00 ,"5,811,153,900",0,0,0.00%,0.00%,$0.00 ,0.00%
4/18/2025,Amazon U.S._RMI_Good Employer and Pro SMB_H1'25_TTD_Instream Video_1P OE AUDIENCE_Cross-Platform Enhanced Pre-Roll,KRG-9qcd-43672,$17.00 ,$0.00 ,0,$0.00 ,$0.00 ,"625,157,400",0,0,0.00%,0.00%,$0.00 ,0.00%
4/18/2025,Amazon U.S._RMI_Good Employer and Pro SMB_H1'25_TTD_Instream Video_1P OE INCREMENTAL AUDIENCE_Cross-Platform Enhanced Pre-Roll,KRG-e5ws-45159,$17.00 ,$1.00 ,"878,602","$44,498.30 ",$50.65 ,"625,157,400","1,991,200","1,991,485",0.32%,44.12%,$50.30 ,295.88%
4/18/2025,Amazon U.S._RMI_Good Employer and Pro SMB_H1'25_TTD_ADHESION_1P OE AUDIENCE_Cross-Platform Runway,KRG-rlf9-43675,$7.00 ,$1.00 ,"93,620",$656.46 ,$7.01 ,"339,544,000","324,130","325,410",0.10%,28.88%,$7.01 ,100.14%
4/18/2025,Amazon U.S._RMI_Good Employer and Pro SMB_H1'25_TTD_In-Article_300x250_1P OE AUDIENCE_Cross-Platform Venti Video,KRG-pja5-43673,$7.29 ,$1.00 ,"62,127",$453.34 ,$7.30 ,"883,388,400","278,368","279,419",0.03%,22.32%,$7.29 ,100.00%
4/19/2025,Amazon U.S._RMI_Good Employer and Pro SMB_H1'25_TTD_Instream Video_1P OE AUDIENCE_Cross-Platform STANDARD Pre-Roll,KRG-nyw4-44580,$15.00 ,$1.00 ,"8,394",$222.89 ,$26.55 ,"750,659,600","31,882","31,951",0.00%,26.33%,$23.03 ,153.53%
4/19/2025,Amazon U.S._RMI_Good Employer and Pro SMB_H1'25_TTD_Instream Video_1P OE AUDIENCE_Cross-Platform Enhanced Pre-Roll,KRG-9qcd-43672,$17.00 ,$0.00 ,0,$0.00 ,$0.00 ,"750,659,600",0,0,0.00%,0.00%,$0.00 ,0.00%
4/19/2025,Amazon U.S._RMI_Good Employer and Pro SMB_H1'25_TTD_Instream Video_1P OE INCREMENTAL AUDIENCE_Cross-Platform Enhanced Pre-Roll,KRG-e5ws-45159,$17.00 ,$1.00 ,"559,847","$22,192.63 ",$39.64 ,"750,659,600","1,350,597","1,466,258",0.18%,41.45%,$33.19 ,195.24%
4/19/2025,Amazon U.S._RMI_Good Employer and Pro SMB_H1'25_TTD_Enhanced CTV,KRG-0gx7-44475,$26.50 ,$0.00 ,0,$0.00 ,$0.00 ,"6,032,357,600",0,0,0.00%,0.00%,$0.00 ,0.00%
4/19/2025,Amazon U.S._RMI_Good Employer and Pro SMB_H1'25_TTD_In-Article_300x250_1P OE INCREMENTAL AUDIENCE_Cross-Platform Venti Video,KRG-l5ia-45158,$7.29 ,$1.00 ,"253,396","$7,921.66 ",$31.26 ,"945,840,400","450,404","450,984",0.05%,56.26%,$30.68 ,420.85%
4/19/2025,Amazon U.S._RMI_Good Employer and Pro SMB_H1'25_TTD_ADHESION_1P OE INCREMENTAL AUDIENCE_Cross-Platform Runway,KRG-0hqh-45156,$7.00 ,$1.00 ,"349,498","$6,079.58 ",$17.40 ,"402,259,600","665,778","705,391",0.17%,52.49%,$14.67 ,209.57%
4/19/2025,Amazon U.S._RMI_Good Employer and Pro SMB_H1'25_TTD_ADHESION_1P OE AUDIENCE_Cross-Platform Runway,KRG-rlf9-43675,$7.00 ,$1.00 ,"81,085",$568.48 ,$7.01 ,"402,259,600","318,590","320,248",0.08%,25.45%,$7.01 ,100.14%
4/19/2025,Amazon U.S._RMI_Good Employer and Pro SMB_H1'25_TTD_In-Article_300x250_1P OE INCREMENTAL AUDIENCE_Cross-Platform Venti Display,KRG-wcg9-45157,$6.29 ,$1.00 ,"644,893","$6,719.94 ",$10.42 ,"945,840,400","1,830,587","1,834,838",0.19%,35.23%,$9.64 ,153.26%
4/19/2025,Amazon U.S._RMI_Good Employer and Pro SMB_H1'25_TTD_In-Article_300x250_1P OE AUDIENCE_Cross-Platform Venti Display,KRG-x8c8-43674,$6.29 ,$1.00 ,"79,328",$500.17 ,$6.31 ,"945,840,400","452,437","666,552",0.05%,17.53%,$4.54 ,72.18%
4/19/2025,Amazon U.S._RMI_Good Employer and Pro SMB_H1'25_TTD_In-Article_300x250_1P OE AUDIENCE_Cross-Platform Venti Video,KRG-pja5-43673,$7.29 ,$1.00 ,"68,849",$502.22 ,$7.29 ,"945,840,400","325,753","327,087",0.03%,21.14%,$7.29 ,100.00%
4/20/2025,Amazon U.S._RMI_Good Employer and Pro SMB_H1'25_TTD_ADHESION_1P OE AUDIENCE_Cross-Platform Runway,KRG-rlf9-43675,$7.00 ,$1.00 ,"53,297",$373.60 ,$7.01 ,"440,272,700","188,038","188,748",0.04%,28.34%,$7.02 ,100.29%
4/20/2025,Amazon U.S._RMI_Good Employer and Pro SMB_H1'25_TTD_Instream Video_1P OE INCREMENTAL AUDIENCE_Cross-Platform Enhanced Pre-Roll,KRG-e5ws-45159,$17.00 ,$1.00 ,"309,720","$8,122.87 ",$26.23 ,"828,353,100","963,513","1,154,098",0.12%,32.14%,$20.89 ,122.88%
4/20/2025,Amazon U.S._RMI_Good Employer and Pro SMB_H1'25_TTD_In-Article_300x250_1P OE AUDIENCE_Cross-Platform Venti Display,KRG-x8c8-43674,$6.29 ,$1.00 ,"35,118",$221.43 ,$6.31 ,"967,615,000","175,891","403,035",0.02%,19.97%,$3.07 ,48.81%
4/20/2025,Amazon U.S._RMI_Good Employer and Pro SMB_H1'25_TTD_In-Article_300x250_1P OE AUDIENCE_Cross-Platform Venti Video,KRG-pja5-43673,$7.29 ,$1.00 ,"25,711",$187.55 ,$7.29 ,"967,615,000","119,007","119,464",0.01%,21.60%,$7.29 ,100.00%
4/20/2025,Amazon U.S._RMI_Good Employer and Pro SMB_H1'25_TTD_Instream Video_1P OE AUDIENCE_Cross-Platform STANDARD Pre-Roll,KRG-nyw4-44580,$15.00 ,$1.00 ,"1,153",$27.12 ,$23.53 ,"828,353,100","2,397","2,413",0.00%,48.10%,$22.26 ,148.40%
4/20/2025,Amazon U.S._RMI_Good Employer and Pro SMB_H1'25_TTD_ADHESION_1P OE INCREMENTAL AUDIENCE_Cross-Platform Runway,KRG-0hqh-45156,$7.00 ,$1.00 ,"156,182","$1,731.87 ",$11.09 ,"440,272,700","311,022","355,446",0.07%,50.22%,$9.47 ,135.29%
4/20/2025,Amazon U.S._RMI_Good Employer and Pro SMB_H1'25_TTD_In-Article_300x250_1P OE INCREMENTAL AUDIENCE_Cross-Platform Venti Video,KRG-l5ia-45158,$7.29 ,$1.00 ,"164,962","$2,062.08 ",$12.50 ,"967,615,000","440,298","441,109",0.05%,37.47%,$11.68 ,160.22%
4/20/2025,Amazon U.S._RMI_Good Employer and Pro SMB_H1'25_TTD_In-Article_300x250_1P OE INCREMENTAL AUDIENCE_Cross-Platform Venti Display,KRG-wcg9-45157,$6.29 ,$1.00 ,"274,235","$2,957.03 ",$10.78 ,"967,615,000","812,693","814,487",0.08%,33.74%,$9.83 ,156.28%
4/20/2025,Amazon U.S._RMI_Good Employer and Pro SMB_H1'25_TTD_Enhanced CTV,KRG-0gx7-44475,$26.50 ,$0.00 ,0,$0.00 ,$0.00 ,"6,065,695,900",0,0,0.00%,0.00%,$0.00 ,0.00%
4/20/2025,Amazon U.S._RMI_Good Employer and Pro SMB_H1'25_TTD_Instream Video_1P OE AUDIENCE_Cross-Platform Enhanced Pre-Roll,KRG-9qcd-43672,$17.00 ,$0.00 ,0,$0.00 ,$0.00 ,"828,353,100",0,0,0.00%,0.00%,$0.00 ,0.00%
4/21/2025,Amazon U.S._RMI_Good Employer and Pro SMB_H1'25_TTD_ADHESION_1P OE AUDIENCE_Cross-Platform Runway,KRG-rlf9-43675,$7.00 ,$0.00 ,0,$0.00 ,$0.00 ,"336,407,200",0,0,0.00%,0.00%,$0.00 ,0.00%
4/21/2025,Amazon U.S._RMI_Good Employer and Pro SMB_H1'25_TTD_Instream Video_1P OE INCREMENTAL AUDIENCE_Cross-Platform Enhanced Pre-Roll,KRG-e5ws-45159,$17.00 ,$1.00 ,21,$0.66 ,$31.33 ,"609,530,500",31,31,0.00%,67.74%,$29.42 ,173.06%
4/21/2025,Amazon U.S._RMI_Good Employer and Pro SMB_H1'25_TTD_In-Article_300x250_1P OE AUDIENCE_Cross-Platform Venti Display,KRG-x8c8-43674,$6.29 ,$0.00 ,0,$0.00 ,$0.00 ,"950,029,000",0,0,0.00%,0.00%,$0.00 ,0.00%
4/21/2025,Amazon U.S._RMI_Good Employer and Pro SMB_H1'25_TTD_Instream Video_1P OE AUDIENCE_Cross-Platform STANDARD Pre-Roll,KRG-nyw4-44580,$15.00 ,$1.00 ,"1,775",$46.63 ,$26.27 ,"609,530,500","6,292","6,301",0.00%,28.21%,$23.65 ,157.67%
4/21/2025,Amazon U.S._RMI_Good Employer and Pro SMB_H1'25_TTD_ADHESION_1P OE INCREMENTAL AUDIENCE_Cross-Platform Runway,KRG-0hqh-45156,$7.00 ,$1.00 ,2,$0.03 ,$13.86 ,"336,407,200",7,7,0.00%,28.57%,$10.11 ,144.43%
4/21/2025,Amazon U.S._RMI_Good Employer and Pro SMB_H1'25_TTD_Enhanced CTV,KRG-0gx7-44475,$26.50 ,$0.00 ,0,$0.00 ,$0.00 ,"5,870,797,100",0,0,0.00%,0.00%,$0.00 ,0.00%
4/21/2025,Amazon U.S._RMI_Good Employer and Pro SMB_H1'25_TTD_In-Article_300x250_1P OE INCREMENTAL AUDIENCE_Cross-Platform Venti Display,KRG-wcg9-45157,$6.29 ,$1.00 ,18,$0.16 ,$8.99 ,"950,029,000",33,33,0.00%,54.55%,$8.99 ,142.93%
4/21/2025,Amazon U.S._RMI_Good Employer and Pro SMB_H1'25_TTD_In-Article_300x250_1P OE AUDIENCE_Cross-Platform Venti Video,KRG-pja5-43673,$7.29 ,$1.00 ,2,$0.01 ,$7.29 ,"950,029,000",5,5,0.00%,40.00%,$7.29 ,100.00%
4/21/2025,Amazon U.S._RMI_Good Employer and Pro SMB_H1'25_TTD_In-Article_300x250_1P OE INCREMENTAL AUDIENCE_Cross-Platform Venti Video,KRG-l5ia-45158,$7.29 ,$1.00 ,1,$0.01 ,$8.35 ,"950,029,000",2,2,0.00%,50.00%,$8.58 ,117.70%
4/21/2025,Amazon U.S._RMI_Good Employer and Pro SMB_H1'25_TTD_Instream Video_1P OE AUDIENCE_Cross-Platform Enhanced Pre-Roll,KRG-9qcd-43672,$17.00 ,$0.00 ,0,$0.00 ,$0.00 ,"609,530,500",0,0,0.00%,0.00%,$0.00 ,0.00%
4/22/2025,Amazon U.S._RMI_Good Employer and Pro SMB_H1'25_TTD_ADHESION_1P OE INCREMENTAL AUDIENCE_Cross-Platform Runway,KRG-0hqh-45156,$7.00 ,$0.00 ,0,$0.00 ,$0.00 ,"326,511,400",0,0,0.00%,0.00%,$0.00 ,0.00%
4/22/2025,Amazon U.S._RMI_Good Employer and Pro SMB_H1'25_TTD_In-Article_300x250_1P OE INCREMENTAL AUDIENCE_Cross-Platform Venti Video,KRG-l5ia-45158,$7.29 ,$0.00 ,0,$0.00 ,$0.00 ,"919,430,800",0,0,0.00%,0.00%,$0.00 ,0.00%
4/22/2025,Amazon U.S._RMI_Good Employer and Pro SMB_H1'25_TTD_In-Article_300x250_1P OE AUDIENCE_Cross-Platform Venti Display,KRG-x8c8-43674,$6.29 ,$0.00 ,0,$0.00 ,$0.00 ,"919,430,800",0,0,0.00%,0.00%,$0.00 ,0.00%
4/22/2025,Amazon U.S._RMI_Good Employer and Pro SMB_H1'25_TTD_Instream Video_1P OE INCREMENTAL AUDIENCE_Cross-Platform Enhanced Pre-Roll,KRG-e5ws-45159,$17.00 ,$1.00 ,4,$0.13 ,$32.18 ,"591,100,300",6,9,0.00%,66.67%,$19.89 ,117.00%
4/22/2025,Amazon U.S._RMI_Good Employer and Pro SMB_H1'25_TTD_ADHESION_1P OE AUDIENCE_Cross-Platform Runway,KRG-rlf9-43675,$7.00 ,$0.00 ,0,$0.00 ,$0.00 ,"326,511,400",0,0,0.00%,0.00%,$0.00 ,0.00%
4/22/2025,Amazon U.S._RMI_Good Employer and Pro SMB_H1'25_TTD_Instream Video_1P OE AUDIENCE_Cross-Platform STANDARD Pre-Roll,KRG-nyw4-44580,$15.00 ,$1.00 ,"2,542",$74.20 ,$29.19 ,"591,100,300","7,995","7,995",0.00%,31.79%,$27.30 ,182.00%
4/22/2025,Amazon U.S._RMI_Good Employer and Pro SMB_H1'25_TTD_In-Article_300x250_1P OE AUDIENCE_Cross-Platform Venti Video,KRG-pja5-43673,$7.29 ,$0.00 ,0,$0.00 ,$0.00 ,"919,430,800",0,0,0.00%,0.00%,$0.00 ,0.00%
4/22/2025,Amazon U.S._RMI_Good Employer and Pro SMB_H1'25_TTD_In-Article_300x250_1P OE INCREMENTAL AUDIENCE_Cross-Platform Venti Display,KRG-wcg9-45157,$6.29 ,$0.00 ,0,$0.00 ,$0.00 ,"919,430,800",0,0,0.00%,0.00%,$0.00 ,0.00%
4/22/2025,Amazon U.S._RMI_Good Employer and Pro SMB_H1'25_TTD_Instream Video_1P OE AUDIENCE_Cross-Platform Enhanced Pre-Roll,KRG-9qcd-43672,$17.00 ,$0.00 ,0,$0.00 ,$0.00 ,"591,100,300",0,0,0.00%,0.00%,$0.00 ,0.00%
4/22/2025,Amazon U.S._RMI_Good Employer and Pro SMB_H1'25_TTD_Enhanced CTV,KRG-0gx7-44475,$26.50 ,$0.00 ,0,$0.00 ,$0.00 ,"5,903,050,900",0,0,0.00%,0.00%,$0.00 ,0.00%
4/23/2025,Amazon U.S._RMI_Good Employer and Pro SMB_H1'25_TTD_Instream Video_1P OE AUDIENCE_Cross-Platform STANDARD Pre-Roll,KRG-nyw4-44580,$15.00 ,$0.00 ,0,$0.00 ,$0.00 ,"584,193,100",0,0,0.00%,0.00%,$0.00 ,0.00%
4/23/2025,Amazon U.S._RMI_Good Employer and Pro SMB_H1'25_TTD_ADHESION_1P OE INCREMENTAL AUDIENCE_Cross-Platform Runway,KRG-0hqh-45156,$7.00 ,$0.00 ,0,$0.00 ,$0.00 ,"326,485,000",0,0,0.00%,0.00%,$0.00 ,0.00%
4/23/2025,Amazon U.S._RMI_Good Employer and Pro SMB_H1'25_TTD_ADHESION_1P OE AUDIENCE_Cross-Platform Runway,KRG-rlf9-43675,$7.00 ,$0.00 ,0,$0.00 ,$0.00 ,"326,485,000",0,0,0.00%,0.00%,$0.00 ,0.00%
4/23/2025,Amazon U.S._RMI_Good Employer and Pro SMB_H1'25_TTD_In-Article_300x250_1P OE AUDIENCE_Cross-Platform Venti Video,KRG-pja5-43673,$7.29 ,$0.00 ,0,$0.00 ,$0.00 ,"877,561,800",0,0,0.00%,0.00%,$0.00 ,0.00%
4/23/2025,Amazon U.S._RMI_Good Employer and Pro SMB_H1'25_TTD_Enhanced CTV,KRG-0gx7-44475,$26.50 ,$0.00 ,0,$0.00 ,$0.00 ,"6,100,416,100",0,0,0.00%,0.00%,$0.00 ,0.00%
4/23/2025,Amazon U.S._RMI_Good Employer and Pro SMB_H1'25_TTD_Instream Video_1P OE AUDIENCE_Cross-Platform Enhanced Pre-Roll,KRG-9qcd-43672,$17.00 ,$0.00 ,0,$0.00 ,$0.00 ,"584,193,100",0,0,0.00%,0.00%,$0.00 ,0.00%
4/23/2025,Amazon U.S._RMI_Good Employer and Pro SMB_H1'25_TTD_Instream Video_1P OE INCREMENTAL AUDIENCE_Cross-Platform Enhanced Pre-Roll,KRG-e5ws-45159,$17.00 ,$0.00 ,0,$0.00 ,$0.00 ,"584,193,100",0,0,0.00%,0.00%,$0.00 ,0.00%
4/23/2025,Amazon U.S._RMI_Good Employer and Pro SMB_H1'25_TTD_In-Article_300x250_1P OE INCREMENTAL AUDIENCE_Cross-Platform Venti Video,KRG-l5ia-45158,$7.29 ,$0.00 ,0,$0.00 ,$0.00 ,"877,561,800",0,0,0.00%,0.00%,$0.00 ,0.00%
4/23/2025,Amazon U.S._RMI_Good Employer and Pro SMB_H1'25_TTD_In-Article_300x250_1P OE AUDIENCE_Cross-Platform Venti Display,KRG-x8c8-43674,$6.29 ,$0.00 ,0,$0.00 ,$0.00 ,"877,561,800",0,0,0.00%,0.00%,$0.00 ,0.00%
4/23/2025,Amazon U.S._RMI_Good Employer and Pro SMB_H1'25_TTD_In-Article_300x250_1P OE INCREMENTAL AUDIENCE_Cross-Platform Venti Display,KRG-wcg9-45157,$6.29 ,$0.00 ,0,$0.00 ,$0.00 ,"877,561,800",0,0,0.00%,0.00%,$0.00 ,0.00%
4/24/2025,Amazon U.S._RMI_Good Employer and Pro SMB_H1'25_TTD_ADHESION_1P OE INCREMENTAL AUDIENCE_Cross-Platform Runway,KRG-0hqh-45156,$7.00 ,$0.00 ,0,$0.00 ,$0.00 ,"325,412,600",0,0,0.00%,0.00%,$0.00 ,0.00%
4/24/2025,Amazon U.S._RMI_Good Employer and Pro SMB_H1'25_TTD_Instream Video_1P OE AUDIENCE_Cross-Platform STANDARD Pre-Roll,KRG-nyw4-44580,$15.00 ,$0.00 ,0,$0.00 ,$0.00 ,"573,225,200",0,0,0.00%,0.00%,$0.00 ,0.00%
4/24/2025,Amazon U.S._RMI_Good Employer and Pro SMB_H1'25_TTD_Instream Video_1P OE INCREMENTAL AUDIENCE_Cross-Platform Enhanced Pre-Roll,KRG-e5ws-45159,$17.00 ,$0.00 ,0,$0.00 ,$0.00 ,"573,225,200",0,0,0.00%,0.00%,$0.00 ,0.00%
4/24/2025,Amazon U.S._RMI_Good Employer and Pro SMB_H1'25_TTD_Enhanced CTV,KRG-0gx7-44475,$26.50 ,$0.00 ,0,$0.00 ,$0.00 ,"6,206,024,600",0,0,0.00%,0.00%,$0.00 ,0.00%
4/24/2025,Amazon U.S._RMI_Good Employer and Pro SMB_H1'25_TTD_Instream Video_1P OE AUDIENCE_Cross-Platform Enhanced Pre-Roll,KRG-9qcd-43672,$17.00 ,$0.00 ,0,$0.00 ,$0.00 ,"573,225,200",0,0,0.00%,0.00%,$0.00 ,0.00%
4/24/2025,Amazon U.S._RMI_Good Employer and Pro SMB_H1'25_TTD_In-Article_300x250_1P OE AUDIENCE_Cross-Platform Venti Display,KRG-x8c8-43674,$6.29 ,$0.00 ,0,$0.00 ,$0.00 ,"866,282,500",0,0,0.00%,0.00%,$0.00 ,0.00%
4/24/2025,Amazon U.S._RMI_Good Employer and Pro SMB_H1'25_TTD_In-Article_300x250_1P OE AUDIENCE_Cross-Platform Venti Video,KRG-pja5-43673,$7.29 ,$0.00 ,0,$0.00 ,$0.00 ,"866,282,500",0,0,0.00%,0.00%,$0.00 ,0.00%
4/24/2025,Amazon U.S._RMI_Good Employer and Pro SMB_H1'25_TTD_ADHESION_1P OE AUDIENCE_Cross-Platform Runway,KRG-rlf9-43675,$7.00 ,$0.00 ,0,$0.00 ,$0.00 ,"325,412,600",0,0,0.00%,0.00%,$0.00 ,0.00%
4/24/2025,Amazon U.S._RMI_Good Employer and Pro SMB_H1'25_TTD_In-Article_300x250_1P OE INCREMENTAL AUDIENCE_Cross-Platform Venti Display,KRG-wcg9-45157,$6.29 ,$0.00 ,0,$0.00 ,$0.00 ,"866,282,500",0,0,0.00%,0.00%,$0.00 ,0.00%
4/24/2025,Amazon U.S._RMI_Good Employer and Pro SMB_H1'25_TTD_In-Article_300x250_1P OE INCREMENTAL AUDIENCE_Cross-Platform Venti Video,KRG-l5ia-45158,$7.29 ,$0.00 ,0,$0.00 ,$0.00 ,"866,282,500",0,0,0.00%,0.00%,$0.00 ,0.00%
4/25/2025,Amazon U.S._RMI_Good Employer and Pro SMB_H1'25_TTD_ADHESION_1P OE INCREMENTAL AUDIENCE_Cross-Platform Runway,KRG-0hqh-45156,$7.00 ,$0.00 ,0,$0.00 ,$0.00 ,"318,928,500",0,0,0.00%,0.00%,$0.00 ,0.00%
4/25/2025,Amazon U.S._RMI_Good Employer and Pro SMB_H1'25_TTD_Enhanced CTV,KRG-0gx7-44475,$26.50 ,$0.00 ,0,$0.00 ,$0.00 ,"6,607,345,600",0,0,0.00%,0.00%,$0.00 ,0.00%
4/25/2025,Amazon U.S._RMI_Good Employer and Pro SMB_H1'25_TTD_In-Article_300x250_1P OE AUDIENCE_Cross-Platform Venti Video,KRG-pja5-43673,$7.29 ,$0.00 ,0,$0.00 ,$0.00 ,"858,244,000",0,0,0.00%,0.00%,$0.00 ,0.00%
4/25/2025,Amazon U.S._RMI_Good Employer and Pro SMB_H1'25_TTD_In-Article_300x250_1P OE INCREMENTAL AUDIENCE_Cross-Platform Venti Video,KRG-l5ia-45158,$7.29 ,$0.00 ,0,$0.00 ,$0.00 ,"858,244,000",0,0,0.00%,0.00%,$0.00 ,0.00%
4/25/2025,Amazon U.S._RMI_Good Employer and Pro SMB_H1'25_TTD_ADHESION_1P OE AUDIENCE_Cross-Platform Runway,KRG-rlf9-43675,$7.00 ,$0.00 ,0,$0.00 ,$0.00 ,"318,928,500",0,0,0.00%,0.00%,$0.00 ,0.00%
4/25/2025,Amazon U.S._RMI_Good Employer and Pro SMB_H1'25_TTD_In-Article_300x250_1P OE INCREMENTAL AUDIENCE_Cross-Platform Venti Display,KRG-wcg9-45157,$6.29 ,$0.00 ,0,$0.00 ,$0.00 ,"858,244,000",0,0,0.00%,0.00%,$0.00 ,0.00%
4/25/2025,Amazon U.S._RMI_Good Employer and Pro SMB_H1'25_TTD_Instream Video_1P OE INCREMENTAL AUDIENCE_Cross-Platform Enhanced Pre-Roll,KRG-e5ws-45159,$17.00 ,$0.00 ,0,$0.00 ,$0.00 ,"557,653,800",0,0,0.00%,0.00%,$0.00 ,0.00%
4/25/2025,Amazon U.S._RMI_Good Employer and Pro SMB_H1'25_TTD_Instream Video_1P OE AUDIENCE_Cross-Platform STANDARD Pre-Roll,KRG-nyw4-44580,$15.00 ,$0.00 ,0,$0.00 ,$0.00 ,"557,653,800",0,0,0.00%,0.00%,$0.00 ,0.00%
4/25/2025,Amazon U.S._RMI_Good Employer and Pro SMB_H1'25_TTD_Instream Video_1P OE AUDIENCE_Cross-Platform Enhanced Pre-Roll,KRG-9qcd-43672,$17.00 ,$0.00 ,0,$0.00 ,$0.00 ,"557,653,800",0,0,0.00%,0.00%,$0.00 ,0.00%
4/25/2025,Amazon U.S._RMI_Good Employer and Pro SMB_H1'25_TTD_In-Article_300x250_1P OE AUDIENCE_Cross-Platform Venti Display,KRG-x8c8-43674,$6.29 ,$0.00 ,0,$0.00 ,$0.00 ,"858,244,000",0,0,0.00%,0.00%,$0.00 ,0.00%
4/26/2025,Amazon U.S._RMI_Good Employer and Pro SMB_H1'25_TTD_ADHESION_1P OE INCREMENTAL AUDIENCE_Cross-Platform Runway,KRG-0hqh-45156,$7.00 ,$0.00 ,0,$0.00 ,$0.00 ,"355,252,900",0,0,0.00%,0.00%,$0.00 ,0.00%
4/26/2025,Amazon U.S._RMI_Good Employer and Pro SMB_H1'25_TTD_Instream Video_1P OE INCREMENTAL AUDIENCE_Cross-Platform Enhanced Pre-Roll,KRG-e5ws-45159,$17.00 ,$0.00 ,0,$0.00 ,$0.00 ,"594,695,600",0,0,0.00%,0.00%,$0.00 ,0.00%
4/26/2025,Amazon U.S._RMI_Good Employer and Pro SMB_H1'25_TTD_Instream Video_1P OE AUDIENCE_Cross-Platform STANDARD Pre-Roll,KRG-nyw4-44580,$15.00 ,$0.00 ,0,$0.00 ,$0.00 ,"594,695,600",0,0,0.00%,0.00%,$0.00 ,0.00%
4/26/2025,Amazon U.S._RMI_Good Employer and Pro SMB_H1'25_TTD_ADHESION_1P OE AUDIENCE_Cross-Platform Runway,KRG-rlf9-43675,$7.00 ,$0.00 ,0,$0.00 ,$0.00 ,"355,252,900",0,0,0.00%,0.00%,$0.00 ,0.00%
4/26/2025,Amazon U.S._RMI_Good Employer and Pro SMB_H1'25_TTD_Enhanced CTV,KRG-0gx7-44475,$26.50 ,$0.00 ,0,$0.00 ,$0.00 ,"7,011,197,000",0,0,0.00%,0.00%,$0.00 ,0.00%
4/26/2025,Amazon U.S._RMI_Good Employer and Pro SMB_H1'25_TTD_In-Article_300x250_1P OE INCREMENTAL AUDIENCE_Cross-Platform Venti Video,KRG-l5ia-45158,$7.29 ,$0.00 ,0,$0.00 ,$0.00 ,"884,949,000",0,0,0.00%,0.00%,$0.00 ,0.00%
4/26/2025,Amazon U.S._RMI_Good Employer and Pro SMB_H1'25_TTD_In-Article_300x250_1P OE AUDIENCE_Cross-Platform Venti Video,KRG-pja5-43673,$7.29 ,$0.00 ,0,$0.00 ,$0.00 ,"884,949,000",0,0,0.00%,0.00%,$0.00 ,0.00%
4/26/2025,Amazon U.S._RMI_Good Employer and Pro SMB_H1'25_TTD_Instream Video_1P OE AUDIENCE_Cross-Platform Enhanced Pre-Roll,KRG-9qcd-43672,$17.00 ,$0.00 ,0,$0.00 ,$0.00 ,"594,695,600",0,0,0.00%,0.00%,$0.00 ,0.00%
4/26/2025,Amazon U.S._RMI_Good Employer and Pro SMB_H1'25_TTD_In-Article_300x250_1P OE AUDIENCE_Cross-Platform Venti Display,KRG-x8c8-43674,$6.29 ,$0.00 ,0,$0.00 ,$0.00 ,"884,949,000",0,0,0.00%,0.00%,$0.00 ,0.00%
4/26/2025,Amazon U.S._RMI_Good Employer and Pro SMB_H1'25_TTD_In-Article_300x250_1P OE INCREMENTAL AUDIENCE_Cross-Platform Venti Display,KRG-wcg9-45157,$6.29 ,$0.00 ,0,$0.00 ,$0.00 ,"884,949,000",0,0,0.00%,0.00%,$0.00 ,0.00%
4/27/2025,Amazon U.S._RMI_Good Employer and Pro SMB_H1'25_TTD_ADHESION_1P OE INCREMENTAL AUDIENCE_Cross-Platform Runway,KRG-0hqh-45156,$7.00 ,$0.00 ,0,$0.00 ,$0.00 ,"377,811,100",0,0,0.00%,0.00%,$0.00 ,0.00%
4/27/2025,Amazon U.S._RMI_Good Employer and Pro SMB_H1'25_TTD_Enhanced CTV,KRG-0gx7-44475,$26.50 ,$0.00 ,0,$0.00 ,$0.00 ,"6,967,378,600",0,0,0.00%,0.00%,$0.00 ,0.00%
4/27/2025,Amazon U.S._RMI_Good Employer and Pro SMB_H1'25_TTD_In-Article_300x250_1P OE AUDIENCE_Cross-Platform Venti Display,KRG-x8c8-43674,$6.29 ,$0.00 ,0,$0.00 ,$0.00 ,"940,770,300",0,0,0.00%,0.00%,$0.00 ,0.00%
4/27/2025,Amazon U.S._RMI_Good Employer and Pro SMB_H1'25_TTD_In-Article_300x250_1P OE AUDIENCE_Cross-Platform Venti Video,KRG-pja5-43673,$7.29 ,$0.00 ,0,$0.00 ,$0.00 ,"940,770,300",0,0,0.00%,0.00%,$0.00 ,0.00%
4/27/2025,Amazon U.S._RMI_Good Employer and Pro SMB_H1'25_TTD_In-Article_300x250_1P OE INCREMENTAL AUDIENCE_Cross-Platform Venti Video,KRG-l5ia-45158,$7.29 ,$0.00 ,0,$0.00 ,$0.00 ,"940,770,300",0,0,0.00%,0.00%,$0.00 ,0.00%
4/27/2025,Amazon U.S._RMI_Good Employer and Pro SMB_H1'25_TTD_Instream Video_1P OE AUDIENCE_Cross-Platform STANDARD Pre-Roll,KRG-nyw4-44580,$15.00 ,$0.00 ,0,$0.00 ,$0.00 ,"821,367,000",0,0,0.00%,0.00%,$0.00 ,0.00%
4/27/2025,Amazon U.S._RMI_Good Employer and Pro SMB_H1'25_TTD_Instream Video_1P OE AUDIENCE_Cross-Platform Enhanced Pre-Roll,KRG-9qcd-43672,$17.00 ,$0.00 ,0,$0.00 ,$0.00 ,"821,367,000",0,0,0.00%,0.00%,$0.00 ,0.00%
4/27/2025,Amazon U.S._RMI_Good Employer and Pro SMB_H1'25_TTD_ADHESION_1P OE AUDIENCE_Cross-Platform Runway,KRG-rlf9-43675,$7.00 ,$0.00 ,0,$0.00 ,$0.00 ,"377,811,100",0,0,0.00%,0.00%,$0.00 ,0.00%
4/27/2025,Amazon U.S._RMI_Good Employer and Pro SMB_H1'25_TTD_In-Article_300x250_1P OE INCREMENTAL AUDIENCE_Cross-Platform Venti Display,KRG-wcg9-45157,$6.29 ,$0.00 ,0,$0.00 ,$0.00 ,"940,770,300",0,0,0.00%,0.00%,$0.00 ,0.00%
4/27/2025,Amazon U.S._RMI_Good Employer and Pro SMB_H1'25_TTD_Instream Video_1P OE INCREMENTAL AUDIENCE_Cross-Platform Enhanced Pre-Roll,KRG-e5ws-45159,$17.00 ,$0.00 ,0,$0.00 ,$0.00 ,"821,367,000",0,0,0.00%,0.00%,$0.00 ,0.00%
4/28/2025,Amazon U.S._RMI_Good Employer and Pro SMB_H1'25_TTD_ADHESION_1P OE INCREMENTAL AUDIENCE_Cross-Platform Runway,KRG-0hqh-45156,$7.00 ,$0.00 ,0,$0.00 ,$0.00 ,"337,877,600",0,0,0.00%,0.00%,$0.00 ,0.00%
4/28/2025,Amazon U.S._RMI_Good Employer and Pro SMB_H1'25_TTD_In-Article_300x250_1P OE AUDIENCE_Cross-Platform Venti Display,KRG-x8c8-43674,$6.29 ,$0.00 ,0,$0.00 ,$0.00 ,"965,567,700",0,0,0.00%,0.00%,$0.00 ,0.00%
4/28/2025,Amazon U.S._RMI_Good Employer and Pro SMB_H1'25_TTD_In-Article_300x250_1P OE INCREMENTAL AUDIENCE_Cross-Platform Venti Display,KRG-wcg9-45157,$6.29 ,$0.00 ,0,$0.00 ,$0.00 ,"965,567,700",0,0,0.00%,0.00%,$0.00 ,0.00%
4/28/2025,Amazon U.S._RMI_Good Employer and Pro SMB_H1'25_TTD_Instream Video_1P OE INCREMENTAL AUDIENCE_Cross-Platform Enhanced Pre-Roll,KRG-e5ws-45159,$17.00 ,$0.00 ,0,$0.00 ,$0.00 ,"676,324,100",0,0,0.00%,0.00%,$0.00 ,0.00%
4/28/2025,Amazon U.S._RMI_Good Employer and Pro SMB_H1'25_TTD_Instream Video_1P OE AUDIENCE_Cross-Platform STANDARD Pre-Roll,KRG-nyw4-44580,$15.00 ,$0.00 ,0,$0.00 ,$0.00 ,"676,324,100",0,0,0.00%,0.00%,$0.00 ,0.00%
4/28/2025,Amazon U.S._RMI_Good Employer and Pro SMB_H1'25_TTD_In-Article_300x250_1P OE INCREMENTAL AUDIENCE_Cross-Platform Venti Video,KRG-l5ia-45158,$7.29 ,$0.00 ,0,$0.00 ,$0.00 ,"965,567,700",0,0,0.00%,0.00%,$0.00 ,0.00%
4/28/2025,Amazon U.S._RMI_Good Employer and Pro SMB_H1'25_TTD_Instream Video_1P OE AUDIENCE_Cross-Platform Enhanced Pre-Roll,KRG-9qcd-43672,$17.00 ,$0.00 ,0,$0.00 ,$0.00 ,"676,324,100",0,0,0.00%,0.00%,$0.00 ,0.00%
4/28/2025,Amazon U.S._RMI_Good Employer and Pro SMB_H1'25_TTD_In-Article_300x250_1P OE AUDIENCE_Cross-Platform Venti Video,KRG-pja5-43673,$7.29 ,$0.00 ,0,$0.00 ,$0.00 ,"965,567,700",0,0,0.00%,0.00%,$0.00 ,0.00%
4/28/2025,Amazon U.S._RMI_Good Employer and Pro SMB_H1'25_TTD_Enhanced CTV,KRG-0gx7-44475,$26.50 ,$0.00 ,0,$0.00 ,$0.00 ,"6,442,515,200",0,0,0.00%,0.00%,$0.00 ,0.00%
4/28/2025,Amazon U.S._RMI_Good Employer and Pro SMB_H1'25_TTD_ADHESION_1P OE AUDIENCE_Cross-Platform Runway,KRG-rlf9-43675,$7.00 ,$0.00 ,0,$0.00 ,$0.00 ,"337,877,600",0,0,0.00%,0.00%,$0.00 ,0.00%
4/29/2025,Amazon U.S._RMI_Good Employer and Pro SMB_H1'25_TTD_Instream Video_1P OE AUDIENCE_Cross-Platform Enhanced Pre-Roll,KRG-9qcd-43672,$17.00 ,$0.00 ,0,$0.00 ,$0.00 ,"608,715,700",0,0,0.00%,0.00%,$0.00 ,0.00%
4/29/2025,Amazon U.S._RMI_Good Employer and Pro SMB_H1'25_TTD_ADHESION_1P OE INCREMENTAL AUDIENCE_Cross-Platform Runway,KRG-0hqh-45156,$7.00 ,$0.00 ,0,$0.00 ,$0.00 ,"337,670,200",0,0,0.00%,0.00%,$0.00 ,0.00%
4/29/2025,Amazon U.S._RMI_Good Employer and Pro SMB_H1'25_TTD_In-Article_300x250_1P OE AUDIENCE_Cross-Platform Venti Display,KRG-x8c8-43674,$6.29 ,$0.00 ,0,$0.00 ,$0.00 ,"926,432,600",0,0,0.00%,0.00%,$0.00 ,0.00%
4/29/2025,Amazon U.S._RMI_Good Employer and Pro SMB_H1'25_TTD_Enhanced CTV,KRG-0gx7-44475,$26.50 ,$0.00 ,0,$0.00 ,$0.00 ,"6,285,975,000",0,0,0.00%,0.00%,$0.00 ,0.00%
4/29/2025,Amazon U.S._RMI_Good Employer and Pro SMB_H1'25_TTD_In-Article_300x250_1P OE AUDIENCE_Cross-Platform Venti Video,KRG-pja5-43673,$7.29 ,$0.00 ,0,$0.00 ,$0.00 ,"926,432,600",0,0,0.00%,0.00%,$0.00 ,0.00%
4/29/2025,Amazon U.S._RMI_Good Employer and Pro SMB_H1'25_TTD_ADHESION_1P OE AUDIENCE_Cross-Platform Runway,KRG-rlf9-43675,$7.00 ,$0.00 ,0,$0.00 ,$0.00 ,"337,670,200",0,0,0.00%,0.00%,$0.00 ,0.00%
4/29/2025,Amazon U.S._RMI_Good Employer and Pro SMB_H1'25_TTD_In-Article_300x250_1P OE INCREMENTAL AUDIENCE_Cross-Platform Venti Display,KRG-wcg9-45157,$6.29 ,$0.00 ,0,$0.00 ,$0.00 ,"926,432,600",0,0,0.00%,0.00%,$0.00 ,0.00%
4/29/2025,Amazon U.S._RMI_Good Employer and Pro SMB_H1'25_TTD_Instream Video_1P OE INCREMENTAL AUDIENCE_Cross-Platform Enhanced Pre-Roll,KRG-e5ws-45159,$17.00 ,$0.00 ,0,$0.00 ,$0.00 ,"608,715,700",0,0,0.00%,0.00%,$0.00 ,0.00%
4/29/2025,Amazon U.S._RMI_Good Employer and Pro SMB_H1'25_TTD_In-Article_300x250_1P OE INCREMENTAL AUDIENCE_Cross-Platform Venti Video,KRG-l5ia-45158,$7.29 ,$0.00 ,0,$0.00 ,$0.00 ,"926,432,600",0,0,0.00%,0.00%,$0.00 ,0.00%
4/29/2025,Amazon U.S._RMI_Good Employer and Pro SMB_H1'25_TTD_Instream Video_1P OE AUDIENCE_Cross-Platform STANDARD Pre-Roll,KRG-nyw4-44580,$15.00 ,$0.00 ,0,$0.00 ,$0.00 ,"608,715,700",0,0,0.00%,0.00%,$0.00 ,0.00%
4/30/2025,Amazon U.S._RMI_Good Employer and Pro SMB_H1'25_TTD_In-Article_300x250_1P OE AUDIENCE_Cross-Platform Venti Video,KRG-pja5-43673,$7.29 ,$0.00 ,0,$0.00 ,$0.00 ,"891,744,700",0,0,0.00%,0.00%,$0.00 ,0.00%
4/30/2025,Amazon U.S._RMI_Good Employer and Pro SMB_H1'25_TTD_Instream Video_1P OE AUDIENCE_Cross-Platform Enhanced Pre-Roll,KRG-9qcd-43672,$17.00 ,$0.00 ,0,$0.00 ,$0.00 ,"597,447,400",0,0,0.00%,0.00%,$0.00 ,0.00%
4/30/2025,Amazon U.S._RMI_Good Employer and Pro SMB_H1'25_TTD_Instream Video_1P OE INCREMENTAL AUDIENCE_Cross-Platform Enhanced Pre-Roll,KRG-e5ws-45159,$17.00 ,$0.00 ,0,$0.00 ,$0.00 ,"597,447,400",0,0,0.00%,0.00%,$0.00 ,0.00%
4/30/2025,Amazon U.S._RMI_Good Employer and Pro SMB_H1'25_TTD_In-Article_300x250_1P OE AUDIENCE_Cross-Platform Venti Display,KRG-x8c8-43674,$6.29 ,$0.00 ,0,$0.00 ,$0.00 ,"891,744,700",0,0,0.00%,0.00%,$0.00 ,0.00%
4/30/2025,Amazon U.S._RMI_Good Employer and Pro SMB_H1'25_TTD_Instream Video_1P OE AUDIENCE_Cross-Platform STANDARD Pre-Roll,KRG-nyw4-44580,$15.00 ,$0.00 ,0,$0.00 ,$0.00 ,"597,447,400",0,0,0.00%,0.00%,$0.00 ,0.00%
4/30/2025,Amazon U.S._RMI_Good Employer and Pro SMB_H1'25_TTD_ADHESION_1P OE AUDIENCE_Cross-Platform Runway,KRG-rlf9-43675,$7.00 ,$0.00 ,0,$0.00 ,$0.00 ,"314,373,600",0,0,0.00%,0.00%,$0.00 ,0.00%
4/30/2025,Amazon U.S._RMI_Good Employer and Pro SMB_H1'25_TTD_ADHESION_1P OE INCREMENTAL AUDIENCE_Cross-Platform Runway,KRG-0hqh-45156,$7.00 ,$0.00 ,0,$0.00 ,$0.00 ,"314,373,600",0,0,0.00%,0.00%,$0.00 ,0.00%
4/30/2025,Amazon U.S._RMI_Good Employer and Pro SMB_H1'25_TTD_In-Article_300x250_1P OE INCREMENTAL AUDIENCE_Cross-Platform Venti Display,KRG-wcg9-45157,$6.29 ,$0.00 ,0,$0.00 ,$0.00 ,"891,744,700",0,0,0.00%,0.00%,$0.00 ,0.00%
4/30/2025,Amazon U.S._RMI_Good Employer and Pro SMB_H1'25_TTD_In-Article_300x250_1P OE INCREMENTAL AUDIENCE_Cross-Platform Venti Video,KRG-l5ia-45158,$7.29 ,$0.00 ,0,$0.00 ,$0.00 ,"891,744,700",0,0,0.00%,0.00%,$0.00 ,0.00%
4/30/2025,Amazon U.S._RMI_Good Employer and Pro SMB_H1'25_TTD_Enhanced CTV,KRG-0gx7-44475,$26.50 ,$0.00 ,0,$0.00 ,$0.00 ,"6,264,786,100",0,0,0.00%,0.00%,$0.00 ,0.00%
5/1/2025,Amazon U.S._RMI_Good Employer and Pro SMB_H1'25_TTD_ADHESION_1P OE AUDIENCE_Cross-Platform Runway,KRG-rlf9-43675,$7.00 ,$0.00 ,0,$0.00 ,$0.00 ,"324,081,000",0,0,0.00%,0.00%,$0.00 ,0.00%
5/1/2025,Amazon U.S._RMI_Good Employer and Pro SMB_H1'25_TTD_Instream Video_1P OE AUDIENCE_Cross-Platform Enhanced Pre-Roll,KRG-9qcd-43672,$17.00 ,$0.00 ,0,$0.00 ,$0.00 ,"575,284,000",0,0,0.00%,0.00%,$0.00 ,0.00%
5/1/2025,Amazon U.S._RMI_Good Employer and Pro SMB_H1'25_TTD_Instream Video_1P OE INCREMENTAL AUDIENCE_Cross-Platform Enhanced Pre-Roll,KRG-e5ws-45159,$17.00 ,$0.00 ,0,$0.00 ,$0.00 ,"575,284,000",0,0,0.00%,0.00%,$0.00 ,0.00%
5/1/2025,Amazon U.S._RMI_Good Employer and Pro SMB_H1'25_TTD_In-Article_300x250_1P OE INCREMENTAL AUDIENCE_Cross-Platform Venti Video,KRG-l5ia-45158,$7.29 ,$0.00 ,0,$0.00 ,$0.00 ,"872,038,000",0,0,0.00%,0.00%,$0.00 ,0.00%
5/1/2025,Amazon U.S._RMI_Good Employer and Pro SMB_H1'25_TTD_In-Article_300x250_1P OE AUDIENCE_Cross-Platform Venti Video,KRG-pja5-43673,$7.29 ,$0.00 ,0,$0.00 ,$0.00 ,"872,038,000",0,0,0.00%,0.00%,$0.00 ,0.00%
5/1/2025,Amazon U.S._RMI_Good Employer and Pro SMB_H1'25_TTD_In-Article_300x250_1P OE INCREMENTAL AUDIENCE_Cross-Platform Venti Display,KRG-wcg9-45157,$6.29 ,$0.00 ,0,$0.00 ,$0.00 ,"872,038,000",0,0,0.00%,0.00%,$0.00 ,0.00%
5/1/2025,Amazon U.S._RMI_Good Employer and Pro SMB_H1'25_TTD_Instream Video_1P OE AUDIENCE_Cross-Platform STANDARD Pre-Roll,KRG-nyw4-44580,$15.00 ,$0.00 ,0,$0.00 ,$0.00 ,"575,284,000",0,0,0.00%,0.00%,$0.00 ,0.00%
5/1/2025,Amazon U.S._RMI_Good Employer and Pro SMB_H1'25_TTD_Enhanced CTV,KRG-0gx7-44475,$26.50 ,$0.00 ,0,$0.00 ,$0.00 ,"6,154,064,900",0,0,0.00%,0.00%,$0.00 ,0.00%
5/1/2025,Amazon U.S._RMI_Good Employer and Pro SMB_H1'25_TTD_In-Article_300x250_1P OE AUDIENCE_Cross-Platform Venti Display,KRG-x8c8-43674,$6.29 ,$0.00 ,0,$0.00 ,$0.00 ,"872,038,000",0,0,0.00%,0.00%,$0.00 ,0.00%
5/1/2025,Amazon U.S._RMI_Good Employer and Pro SMB_H1'25_TTD_ADHESION_1P OE INCREMENTAL AUDIENCE_Cross-Platform Runway,KRG-0hqh-45156,$7.00 ,$0.00 ,0,$0.00 ,$0.00 ,"324,081,000",0,0,0.00%,0.00%,$0.00 ,0.00%
5/2/2025,Amazon U.S._RMI_Good Employer and Pro SMB_H1'25_TTD_Instream Video_1P OE AUDIENCE_Cross-Platform Enhanced Pre-Roll,KRG-9qcd-43672,$17.00 ,$0.00 ,0,$0.00 ,$0.00 ,"552,437,000",0,0,0.00%,0.00%,$0.00 ,0.00%
5/2/2025,Amazon U.S._RMI_Good Employer and Pro SMB_H1'25_TTD_In-Article_300x250_1P OE INCREMENTAL AUDIENCE_Cross-Platform Venti Display,KRG-wcg9-45157,$6.29 ,$0.00 ,0,$0.00 ,$0.00 ,"833,639,900",0,0,0.00%,0.00%,$0.00 ,0.00%
5/2/2025,Amazon U.S._RMI_Good Employer and Pro SMB_H1'25_TTD_Instream Video_1P OE AUDIENCE_Cross-Platform STANDARD Pre-Roll,KRG-nyw4-44580,$15.00 ,$0.00 ,0,$0.00 ,$0.00 ,"552,437,000",0,0,0.00%,0.00%,$0.00 ,0.00%
5/2/2025,Amazon U.S._RMI_Good Employer and Pro SMB_H1'25_TTD_In-Article_300x250_1P OE INCREMENTAL AUDIENCE_Cross-Platform Venti Video,KRG-l5ia-45158,$7.29 ,$0.00 ,0,$0.00 ,$0.00 ,"833,639,900",0,0,0.00%,0.00%,$0.00 ,0.00%
5/2/2025,Amazon U.S._RMI_Good Employer and Pro SMB_H1'25_TTD_In-Article_300x250_1P OE AUDIENCE_Cross-Platform Venti Display,KRG-x8c8-43674,$6.29 ,$0.00 ,0,$0.00 ,$0.00 ,"833,639,900",0,0,0.00%,0.00%,$0.00 ,0.00%
5/2/2025,Amazon U.S._RMI_Good Employer and Pro SMB_H1'25_TTD_ADHESION_1P OE INCREMENTAL AUDIENCE_Cross-Platform Runway,KRG-0hqh-45156,$7.00 ,$0.00 ,0,$0.00 ,$0.00 ,"314,594,200",0,0,0.00%,0.00%,$0.00 ,0.00%
5/2/2025,Amazon U.S._RMI_Good Employer and Pro SMB_H1'25_TTD_In-Article_300x250_1P OE AUDIENCE_Cross-Platform Venti Video,KRG-pja5-43673,$7.29 ,$0.00 ,0,$0.00 ,$0.00 ,"833,639,900",0,0,0.00%,0.00%,$0.00 ,0.00%
5/2/2025,Amazon U.S._RMI_Good Employer and Pro SMB_H1'25_TTD_ADHESION_1P OE AUDIENCE_Cross-Platform Runway,KRG-rlf9-43675,$7.00 ,$0.00 ,0,$0.00 ,$0.00 ,"314,594,200",0,0,0.00%,0.00%,$0.00 ,0.00%
5/2/2025,Amazon U.S._RMI_Good Employer and Pro SMB_H1'25_TTD_Enhanced CTV,KRG-0gx7-44475,$26.50 ,$0.00 ,0,$0.00 ,$0.00 ,"6,158,159,900",0,0,0.00%,0.00%,$0.00 ,0.00%
5/2/2025,Amazon U.S._RMI_Good Employer and Pro SMB_H1'25_TTD_Instream Video_1P OE INCREMENTAL AUDIENCE_Cross-Platform Enhanced Pre-Roll,KRG-e5ws-45159,$17.00 ,$0.00 ,0,$0.00 ,$0.00 ,"552,437,000",0,0,0.00%,0.00%,$0.00 ,0.00%
5/3/2025,Amazon U.S._RMI_Good Employer and Pro SMB_H1'25_TTD_In-Article_300x250_1P OE AUDIENCE_Cross-Platform Venti Video,KRG-pja5-43673,$7.29 ,$0.00 ,0,$0.00 ,$0.00 ,"844,814,600",0,0,0.00%,0.00%,$0.00 ,0.00%
5/3/2025,Amazon U.S._RMI_Good Employer and Pro SMB_H1'25_TTD_Instream Video_1P OE AUDIENCE_Cross-Platform Enhanced Pre-Roll,KRG-9qcd-43672,$17.00 ,$0.00 ,0,$0.00 ,$0.00 ,"590,137,700",0,0,0.00%,0.00%,$0.00 ,0.00%
5/3/2025,Amazon U.S._RMI_Good Employer and Pro SMB_H1'25_TTD_ADHESION_1P OE AUDIENCE_Cross-Platform Runway,KRG-rlf9-43675,$7.00 ,$0.00 ,0,$0.00 ,$0.00 ,"350,245,200",0,0,0.00%,0.00%,$0.00 ,0.00%
5/3/2025,Amazon U.S._RMI_Good Employer and Pro SMB_H1'25_TTD_Instream Video_1P OE INCREMENTAL AUDIENCE_Cross-Platform Enhanced Pre-Roll,KRG-e5ws-45159,$17.00 ,$0.00 ,0,$0.00 ,$0.00 ,"590,137,700",0,0,0.00%,0.00%,$0.00 ,0.00%
5/3/2025,Amazon U.S._RMI_Good Employer and Pro SMB_H1'25_TTD_In-Article_300x250_1P OE AUDIENCE_Cross-Platform Venti Display,KRG-x8c8-43674,$6.29 ,$0.00 ,0,$0.00 ,$0.00 ,"844,814,600",0,0,0.00%,0.00%,$0.00 ,0.00%
5/3/2025,Amazon U.S._RMI_Good Employer and Pro SMB_H1'25_TTD_Instream Video_1P OE AUDIENCE_Cross-Platform STANDARD Pre-Roll,KRG-nyw4-44580,$15.00 ,$0.00 ,0,$0.00 ,$0.00 ,"590,137,700",0,0,0.00%,0.00%,$0.00 ,0.00%
5/3/2025,Amazon U.S._RMI_Good Employer and Pro SMB_H1'25_TTD_In-Article_300x250_1P OE INCREMENTAL AUDIENCE_Cross-Platform Venti Display,KRG-wcg9-45157,$6.29 ,$0.00 ,0,$0.00 ,$0.00 ,"844,814,600",0,0,0.00%,0.00%,$0.00 ,0.00%
5/3/2025,Amazon U.S._RMI_Good Employer and Pro SMB_H1'25_TTD_In-Article_300x250_1P OE INCREMENTAL AUDIENCE_Cross-Platform Venti Video,KRG-l5ia-45158,$7.29 ,$0.00 ,0,$0.00 ,$0.00 ,"844,814,600",0,0,0.00%,0.00%,$0.00 ,0.00%
5/3/2025,Amazon U.S._RMI_Good Employer and Pro SMB_H1'25_TTD_Enhanced CTV,KRG-0gx7-44475,$26.50 ,$0.00 ,0,$0.00 ,$0.00 ,"6,554,470,000",0,0,0.00%,0.00%,$0.00 ,0.00%
5/3/2025,Amazon U.S._RMI_Good Employer and Pro SMB_H1'25_TTD_ADHESION_1P OE INCREMENTAL AUDIENCE_Cross-Platform Runway,KRG-0hqh-45156,$7.00 ,$0.00 ,0,$0.00 ,$0.00 ,"350,245,200",0,0,0.00%,0.00%,$0.00 ,0.00%
5/4/2025,Amazon U.S._RMI_Good Employer and Pro SMB_H1'25_TTD_Instream Video_1P OE AUDIENCE_Cross-Platform Enhanced Pre-Roll,KRG-9qcd-43672,$17.00 ,$0.00 ,0,$0.00 ,$0.00 ,"673,540,600",0,0,0.00%,0.00%,$0.00 ,0.00%
5/4/2025,Amazon U.S._RMI_Good Employer and Pro SMB_H1'25_TTD_In-Article_300x250_1P OE AUDIENCE_Cross-Platform Venti Video,KRG-pja5-43673,$7.29 ,$0.00 ,0,$0.00 ,$0.00 ,"907,174,100",0,0,0.00%,0.00%,$0.00 ,0.00%
5/4/2025,Amazon U.S._RMI_Good Employer and Pro SMB_H1'25_TTD_ADHESION_1P OE INCREMENTAL AUDIENCE_Cross-Platform Runway,KRG-0hqh-45156,$7.00 ,$0.00 ,0,$0.00 ,$0.00 ,"378,025,000",0,0,0.00%,0.00%,$0.00 ,0.00%
5/4/2025,Amazon U.S._RMI_Good Employer and Pro SMB_H1'25_TTD_Instream Video_1P OE AUDIENCE_Cross-Platform STANDARD Pre-Roll,KRG-nyw4-44580,$15.00 ,$0.00 ,0,$0.00 ,$0.00 ,"673,540,600",0,0,0.00%,0.00%,$0.00 ,0.00%
5/4/2025,Amazon U.S._RMI_Good Employer and Pro SMB_H1'25_TTD_Enhanced CTV,KRG-0gx7-44475,$26.50 ,$0.00 ,0,$0.00 ,$0.00 ,"6,769,164,000",0,0,0.00%,0.00%,$0.00 ,0.00%
5/4/2025,Amazon U.S._RMI_Good Employer and Pro SMB_H1'25_TTD_In-Article_300x250_1P OE INCREMENTAL AUDIENCE_Cross-Platform Venti Video,KRG-l5ia-45158,$7.29 ,$0.00 ,0,$0.00 ,$0.00 ,"907,174,100",0,0,0.00%,0.00%,$0.00 ,0.00%
5/4/2025,Amazon U.S._RMI_Good Employer and Pro SMB_H1'25_TTD_In-Article_300x250_1P OE INCREMENTAL AUDIENCE_Cross-Platform Venti Display,KRG-wcg9-45157,$6.29 ,$0.00 ,0,$0.00 ,$0.00 ,"907,174,100",0,0,0.00%,0.00%,$0.00 ,0.00%
5/4/2025,Amazon U.S._RMI_Good Employer and Pro SMB_H1'25_TTD_ADHESION_1P OE AUDIENCE_Cross-Platform Runway,KRG-rlf9-43675,$7.00 ,$0.00 ,0,$0.00 ,$0.00 ,"378,025,000",0,0,0.00%,0.00%,$0.00 ,0.00%
5/4/2025,Amazon U.S._RMI_Good Employer and Pro SMB_H1'25_TTD_In-Article_300x250_1P OE AUDIENCE_Cross-Platform Venti Display,KRG-x8c8-43674,$6.29 ,$0.00 ,0,$0.00 ,$0.00 ,"907,174,100",0,0,0.00%,0.00%,$0.00 ,0.00%
5/4/2025,Amazon U.S._RMI_Good Employer and Pro SMB_H1'25_TTD_Instream Video_1P OE INCREMENTAL AUDIENCE_Cross-Platform Enhanced Pre-Roll,KRG-e5ws-45159,$17.00 ,$0.00 ,0,$0.00 ,$0.00 ,"673,540,600",0,0,0.00%,0.00%,$0.00 ,0.00%
5/5/2025,Amazon U.S._RMI_Good Employer and Pro SMB_H1'25_TTD_ADHESION_1P OE INCREMENTAL AUDIENCE_Cross-Platform Runway,KRG-0hqh-45156,$7.00 ,$0.00 ,0,$0.00 ,$0.00 ,"358,911,200",0,0,0.00%,0.00%,$0.00 ,0.00%
5/5/2025,Amazon U.S._RMI_Good Employer and Pro SMB_H1'25_TTD_ADHESION_1P OE AUDIENCE_Cross-Platform Runway,KRG-rlf9-43675,$7.00 ,$0.00 ,0,$0.00 ,$0.00 ,"358,911,200",0,0,0.00%,0.00%,$0.00 ,0.00%
5/5/2025,Amazon U.S._RMI_Good Employer and Pro SMB_H1'25_TTD_Instream Video_1P OE INCREMENTAL AUDIENCE_Cross-Platform Enhanced Pre-Roll,KRG-e5ws-45159,$17.00 ,$0.00 ,0,$0.00 ,$0.00 ,"640,998,600",0,0,0.00%,0.00%,$0.00 ,0.00%
5/5/2025,Amazon U.S._RMI_Good Employer and Pro SMB_H1'25_TTD_In-Article_300x250_1P OE INCREMENTAL AUDIENCE_Cross-Platform Venti Display,KRG-wcg9-45157,$6.29 ,$0.00 ,0,$0.00 ,$0.00 ,"947,167,500",0,0,0.00%,0.00%,$0.00 ,0.00%
5/5/2025,Amazon U.S._RMI_Good Employer and Pro SMB_H1'25_TTD_In-Article_300x250_1P OE INCREMENTAL AUDIENCE_Cross-Platform Venti Video,KRG-l5ia-45158,$7.29 ,$0.00 ,0,$0.00 ,$0.00 ,"947,167,500",0,0,0.00%,0.00%,$0.00 ,0.00%
5/5/2025,Amazon U.S._RMI_Good Employer and Pro SMB_H1'25_TTD_Instream Video_1P OE AUDIENCE_Cross-Platform Enhanced Pre-Roll,KRG-9qcd-43672,$17.00 ,$0.00 ,0,$0.00 ,$0.00 ,"640,998,600",0,0,0.00%,0.00%,$0.00 ,0.00%
5/5/2025,Amazon U.S._RMI_Good Employer and Pro SMB_H1'25_TTD_Enhanced CTV,KRG-0gx7-44475,$26.50 ,$0.00 ,0,$0.00 ,$0.00 ,"6,383,302,200",0,0,0.00%,0.00%,$0.00 ,0.00%
5/5/2025,Amazon U.S._RMI_Good Employer and Pro SMB_H1'25_TTD_Instream Video_1P OE AUDIENCE_Cross-Platform STANDARD Pre-Roll,KRG-nyw4-44580,$15.00 ,$0.00 ,0,$0.00 ,$0.00 ,"640,998,600",0,0,0.00%,0.00%,$0.00 ,0.00%
5/5/2025,Amazon U.S._RMI_Good Employer and Pro SMB_H1'25_TTD_In-Article_300x250_1P OE AUDIENCE_Cross-Platform Venti Display,KRG-x8c8-43674,$6.29 ,$0.00 ,0,$0.00 ,$0.00 ,"947,167,500",0,0,0.00%,0.00%,$0.00 ,0.00%
5/5/2025,Amazon U.S._RMI_Good Employer and Pro SMB_H1'25_TTD_In-Article_300x250_1P OE AUDIENCE_Cross-Platform Venti Video,KRG-pja5-43673,$7.29 ,$0.00 ,0,$0.00 ,$0.00 ,"947,167,500",0,0,0.00%,0.00%,$0.00 ,0.00%
5/6/2025,Amazon U.S._RMI_Good Employer and Pro SMB_H1'25_TTD_In-Article_300x250_1P OE INCREMENTAL AUDIENCE_Cross-Platform Venti Display,KRG-wcg9-45157,$6.29 ,$0.00 ,0,$0.00 ,$0.00 ,"953,206,200",0,0,0.00%,0.00%,$0.00 ,0.00%
5/6/2025,Amazon U.S._RMI_Good Employer and Pro SMB_H1'25_TTD_Enhanced CTV,KRG-0gx7-44475,$26.50 ,$0.00 ,0,$0.00 ,$0.00 ,"6,329,596,700",0,0,0.00%,0.00%,$0.00 ,0.00%
5/6/2025,Amazon U.S._RMI_Good Employer and Pro SMB_H1'25_TTD_Instream Video_1P OE AUDIENCE_Cross-Platform STANDARD Pre-Roll,KRG-nyw4-44580,$15.00 ,$0.00 ,0,$0.00 ,$0.00 ,"615,487,100",0,0,0.00%,0.00%,$0.00 ,0.00%
5/6/2025,Amazon U.S._RMI_Good Employer and Pro SMB_H1'25_TTD_Instream Video_1P OE AUDIENCE_Cross-Platform Enhanced Pre-Roll,KRG-9qcd-43672,$17.00 ,$1.00 ,"74,956","$1,276.66 ",$17.03 ,"615,487,100","238,527","239,784",0.04%,31.42%,$17.00 ,100.00%
5/6/2025,Amazon U.S._RMI_Good Employer and Pro SMB_H1'25_TTD_In-Article_300x250_1P OE AUDIENCE_Cross-Platform Venti Video,KRG-pja5-43673,$7.29 ,$1.00 ,"870,938","$6,353.62 ",$7.30 ,"953,206,200","2,836,861","2,889,806",0.30%,30.70%,$7.29 ,100.00%
5/6/2025,Amazon U.S._RMI_Good Employer and Pro SMB_H1'25_TTD_ADHESION_1P OE INCREMENTAL AUDIENCE_Cross-Platform Runway,KRG-0hqh-45156,$7.00 ,$0.00 ,0,$0.00 ,$0.00 ,"343,402,900",0,0,0.00%,0.00%,$0.00 ,0.00%
5/6/2025,Amazon U.S._RMI_Good Employer and Pro SMB_H1'25_TTD_In-Article_300x250_1P OE AUDIENCE_Cross-Platform Venti Display,KRG-x8c8-43674,$6.29 ,$1.00 ,"265,639","$1,677.30 ",$6.31 ,"953,206,200","1,034,823","1,053,354",0.11%,25.67%,$6.33 ,100.64%
5/6/2025,Amazon U.S._RMI_Good Employer and Pro SMB_H1'25_TTD_Instream Video_1P OE INCREMENTAL AUDIENCE_Cross-Platform Enhanced Pre-Roll,KRG-e5ws-45159,$17.00 ,$1.00 ,"23,154",$394.37 ,$17.03 ,"615,487,100","73,560","73,872",0.01%,31.48%,$16.99 ,99.94%
5/6/2025,Amazon U.S._RMI_Good Employer and Pro SMB_H1'25_TTD_ADHESION_1P OE AUDIENCE_Cross-Platform Runway,KRG-rlf9-43675,$7.00 ,$1.00 ,"411,942","$2,886.01 ",$7.01 ,"343,402,900","1,094,389","1,167,069",0.32%,37.64%,$7.00 ,100.00%
5/6/2025,Amazon U.S._RMI_Good Employer and Pro SMB_H1'25_TTD_In-Article_300x250_1P OE INCREMENTAL AUDIENCE_Cross-Platform Venti Video,KRG-l5ia-45158,$7.29 ,$0.00 ,0,$0.00 ,$0.00 ,"953,206,200",0,0,0.00%,0.00%,$0.00 ,0.00%
5/7/2025,Amazon U.S._RMI_Good Employer and Pro SMB_H1'25_TTD_Instream Video_1P OE INCREMENTAL AUDIENCE_Cross-Platform Enhanced Pre-Roll,KRG-e5ws-45159,$17.00 ,$1.00 ,"156,192","$2,657.03 ",$17.01 ,"595,076,300","716,642","717,833",0.12%,21.80%,$17.01 ,100.06%
5/7/2025,Amazon U.S._RMI_Good Employer and Pro SMB_H1'25_TTD_Instream Video_1P OE AUDIENCE_Cross-Platform STANDARD Pre-Roll,KRG-nyw4-44580,$15.00 ,$0.00 ,0,$0.00 ,$0.00 ,"595,076,300",0,0,0.00%,0.00%,$0.00 ,0.00%
5/7/2025,Amazon U.S._RMI_Good Employer and Pro SMB_H1'25_TTD_In-Article_300x250_1P OE INCREMENTAL AUDIENCE_Cross-Platform Venti Video,KRG-l5ia-45158,$7.29 ,$1.00 ,"208,705","$1,522.60 ",$7.30 ,"888,477,600","754,432","847,141",0.08%,27.66%,$6.77 ,92.87%
5/7/2025,Amazon U.S._RMI_Good Employer and Pro SMB_H1'25_TTD_ADHESION_1P OE AUDIENCE_Cross-Platform Runway,KRG-rlf9-43675,$7.00 ,$1.00 ,"210,455","$1,474.20 ",$7.00 ,"318,433,600","735,300","783,253",0.23%,28.62%,$6.79 ,97.00%
5/7/2025,Amazon U.S._RMI_Good Employer and Pro SMB_H1'25_TTD_In-Article_300x250_1P OE AUDIENCE_Cross-Platform Venti Video,KRG-pja5-43673,$7.29 ,$1.00 ,"622,184","$4,538.63 ",$7.29 ,"888,477,600","2,262,758","2,351,430",0.25%,27.50%,$7.18 ,98.49%
5/7/2025,Amazon U.S._RMI_Good Employer and Pro SMB_H1'25_TTD_In-Article_300x250_1P OE INCREMENTAL AUDIENCE_Cross-Platform Venti Display,KRG-wcg9-45157,$6.29 ,$1.00 ,"285,736","$1,799.99 ",$6.30 ,"888,477,600","1,174,376","1,195,179",0.13%,24.33%,$6.31 ,100.32%
5/7/2025,Amazon U.S._RMI_Good Employer and Pro SMB_H1'25_TTD_Enhanced CTV,KRG-0gx7-44475,$26.50 ,$0.00 ,0,$0.00 ,$0.00 ,"6,417,292,700",0,0,0.00%,0.00%,$0.00 ,0.00%
5/7/2025,Amazon U.S._RMI_Good Employer and Pro SMB_H1'25_TTD_ADHESION_1P OE INCREMENTAL AUDIENCE_Cross-Platform Runway,KRG-0hqh-45156,$7.00 ,$1.00 ,"378,658","$2,652.61 ",$7.01 ,"318,433,600","1,192,607","1,234,701",0.37%,31.75%,$6.99 ,99.86%
5/7/2025,Amazon U.S._RMI_Good Employer and Pro SMB_H1'25_TTD_Instream Video_1P OE AUDIENCE_Cross-Platform Enhanced Pre-Roll,KRG-9qcd-43672,$17.00 ,$1.00 ,"166,890","$2,843.75 ",$17.04 ,"595,076,300","490,333","490,998",0.08%,34.04%,$17.03 ,100.18%
5/7/2025,Amazon U.S._RMI_Good Employer and Pro SMB_H1'25_TTD_In-Article_300x250_1P OE AUDIENCE_Cross-Platform Venti Display,KRG-x8c8-43674,$6.29 ,$1.00 ,"239,662","$1,510.01 ",$6.30 ,"888,477,600","1,171,720","1,194,086",0.13%,20.45%,$6.31 ,100.32%
5/8/2025,Amazon U.S._RMI_Good Employer and Pro SMB_H1'25_TTD_In-Article_300x250_1P OE AUDIENCE_Cross-Platform Venti Display,KRG-x8c8-43674,$6.29 ,$1.00 ,"235,099","$1,479.68 ",$6.29 ,"590,732,700","748,342","761,175",0.13%,31.42%,$6.30 ,100.16%
5/8/2025,Amazon U.S._RMI_Good Employer and Pro SMB_H1'25_TTD_Instream Video_1P OE INCREMENTAL AUDIENCE_Cross-Platform Enhanced Pre-Roll,KRG-e5ws-45159,$17.00 ,$1.00 ,"120,357","$2,046.72 ",$17.01 ,"378,626,700","456,872","457,768",0.12%,26.34%,$17.00 ,100.00%
5/8/2025,Amazon U.S._RMI_Good Employer and Pro SMB_H1'25_TTD_ADHESION_1P OE INCREMENTAL AUDIENCE_Cross-Platform Runway,KRG-0hqh-45156,$7.00 ,$1.00 ,"277,480","$1,943.40 ",$7.00 ,"235,886,300","779,690","795,381",0.33%,35.59%,$7.00 ,100.00%
5/8/2025,Amazon U.S._RMI_Good Employer and Pro SMB_H1'25_TTD_In-Article_300x250_1P OE AUDIENCE_Cross-Platform Venti Video,KRG-pja5-43673,$7.29 ,$1.00 ,"530,272","$3,866.77 ",$7.29 ,"590,732,700","1,605,501","1,687,539",0.27%,33.03%,$7.13 ,97.81%
5/8/2025,Amazon U.S._RMI_Good Employer and Pro SMB_H1'25_TTD_Instream Video_1P OE AUDIENCE_Cross-Platform Enhanced Pre-Roll,KRG-9qcd-43672,$17.00 ,$1.00 ,"323,968","$5,509.39 ",$17.01 ,"378,626,700","1,224,938","1,226,819",0.32%,26.45%,$17.00 ,100.00%
5/8/2025,Amazon U.S._RMI_Good Employer and Pro SMB_H1'25_TTD_In-Article_300x250_1P OE INCREMENTAL AUDIENCE_Cross-Platform Venti Video,KRG-l5ia-45158,$7.29 ,$1.00 ,"406,988","$2,967.91 ",$7.29 ,"590,732,700","1,202,572","1,241,055",0.20%,33.84%,$7.23 ,99.18%
5/8/2025,Amazon U.S._RMI_Good Employer and Pro SMB_H1'25_TTD_Enhanced CTV,KRG-0gx7-44475,$26.50 ,$0.00 ,0,$0.00 ,$0.00 ,"6,489,046,800",0,0,0.00%,0.00%,$0.00 ,0.00%
5/8/2025,Amazon U.S._RMI_Good Employer and Pro SMB_H1'25_TTD_Instream Video_1P OE AUDIENCE_Cross-Platform STANDARD Pre-Roll,KRG-nyw4-44580,$15.00 ,$0.00 ,0,$0.00 ,$0.00 ,"378,626,700",0,0,0.00%,0.00%,$0.00 ,0.00%
5/8/2025,Amazon U.S._RMI_Good Employer and Pro SMB_H1'25_TTD_ADHESION_1P OE AUDIENCE_Cross-Platform Runway,KRG-rlf9-43675,$7.00 ,$1.00 ,"214,465","$1,501.97 ",$7.00 ,"235,886,300","665,294","683,400",0.28%,32.24%,$6.94 ,99.14%
5/8/2025,Amazon U.S._RMI_Good Employer and Pro SMB_H1'25_TTD_In-Article_300x250_1P OE INCREMENTAL AUDIENCE_Cross-Platform Venti Display,KRG-wcg9-45157,$6.29 ,$1.00 ,"82,598",$519.95 ,$6.29 ,"590,732,700","278,815","283,092",0.05%,29.62%,$6.31 ,100.32%
5/9/2025,Amazon U.S._RMI_Good Employer and Pro SMB_H1'25_TTD_Instream Video_1P OE AUDIENCE_Cross-Platform STANDARD Pre-Roll,KRG-nyw4-44580,$15.00 ,$0.00 ,0,$0.00 ,$0.00 ,"491,267,700",0,0,0.00%,0.00%,$0.00 ,0.00%
5/9/2025,Amazon U.S._RMI_Good Employer and Pro SMB_H1'25_TTD_ADHESION_1P OE AUDIENCE_Cross-Platform Runway,KRG-rlf9-43675,$7.00 ,$1.00 ,"213,440","$1,495.31 ",$7.01 ,"267,940,100","612,993","644,037",0.23%,34.82%,$6.84 ,97.71%
5/9/2025,Amazon U.S._RMI_Good Employer and Pro SMB_H1'25_TTD_In-Article_300x250_1P OE INCREMENTAL AUDIENCE_Cross-Platform Venti Video,KRG-l5ia-45158,$7.29 ,$1.00 ,"207,897","$1,516.15 ",$7.29 ,"655,611,300","641,351","652,711",0.10%,32.42%,$7.27 ,99.73%
5/9/2025,Amazon U.S._RMI_Good Employer and Pro SMB_H1'25_TTD_In-Article_300x250_1P OE AUDIENCE_Cross-Platform Venti Display,KRG-x8c8-43674,$6.29 ,$1.00 ,"244,926","$1,542.54 ",$6.30 ,"655,611,300","897,082","909,604",0.14%,27.30%,$6.31 ,100.32%
5/9/2025,Amazon U.S._RMI_Good Employer and Pro SMB_H1'25_TTD_In-Article_300x250_1P OE AUDIENCE_Cross-Platform Venti Video,KRG-pja5-43673,$7.29 ,$1.00 ,"633,509","$4,620.58 ",$7.29 ,"655,611,300","1,879,082","1,914,035",0.29%,33.71%,$7.26 ,99.59%
5/9/2025,Amazon U.S._RMI_Good Employer and Pro SMB_H1'25_TTD_Enhanced CTV,KRG-0gx7-44475,$26.50 ,$0.00 ,0,$0.00 ,$0.00 ,"6,274,647,300",0,0,0.00%,0.00%,$0.00 ,0.00%
5/9/2025,Amazon U.S._RMI_Good Employer and Pro SMB_H1'25_TTD_ADHESION_1P OE INCREMENTAL AUDIENCE_Cross-Platform Runway,KRG-0hqh-45156,$7.00 ,$1.00 ,"233,224","$1,633.46 ",$7.00 ,"267,940,100","686,556","700,390",0.26%,33.97%,$7.00 ,100.00%
5/9/2025,Amazon U.S._RMI_Good Employer and Pro SMB_H1'25_TTD_In-Article_300x250_1P OE INCREMENTAL AUDIENCE_Cross-Platform Venti Display,KRG-wcg9-45157,$6.29 ,$1.00 ,"175,577","$1,105.54 ",$6.30 ,"655,611,300","597,404","604,258",0.09%,29.39%,$6.30 ,100.16%
5/9/2025,Amazon U.S._RMI_Good Employer and Pro SMB_H1'25_TTD_Instream Video_1P OE INCREMENTAL AUDIENCE_Cross-Platform Enhanced Pre-Roll,KRG-e5ws-45159,$17.00 ,$1.00 ,"433,276","$7,368.52 ",$17.01 ,"491,267,700","2,187,790","2,188,657",0.45%,19.80%,$17.00 ,100.00%
5/9/2025,Amazon U.S._RMI_Good Employer and Pro SMB_H1'25_TTD_Instream Video_1P OE AUDIENCE_Cross-Platform Enhanced Pre-Roll,KRG-9qcd-43672,$17.00 ,$1.00 ,"511,704","$8,700.35 ",$17.00 ,"491,267,700","1,906,718","1,907,912",0.39%,26.84%,$17.00 ,100.00%
5/10/2025,Amazon U.S._RMI_Good Employer and Pro SMB_H1'25_TTD_Instream Video_1P OE INCREMENTAL AUDIENCE_Cross-Platform Enhanced Pre-Roll,KRG-e5ws-45159,$17.00 ,$1.00 ,"187,934","$3,219.06 ",$17.13 ,"573,941,800","1,086,553","1,088,079",0.19%,17.30%,$17.04 ,100.24%
5/10/2025,Amazon U.S._RMI_Good Employer and Pro SMB_H1'25_TTD_ADHESION_1P OE AUDIENCE_Cross-Platform Runway,KRG-rlf9-43675,$7.00 ,$1.00 ,"213,877","$1,498.88 ",$7.01 ,"319,827,100","802,240","907,882",0.25%,26.66%,$6.45 ,92.14%
5/10/2025,Amazon U.S._RMI_Good Employer and Pro SMB_H1'25_TTD_Instream Video_1P OE AUDIENCE_Cross-Platform STANDARD Pre-Roll,KRG-nyw4-44580,$15.00 ,$0.00 ,0,$0.00 ,$0.00 ,"573,941,800",0,0,0.00%,0.00%,$0.00 ,0.00%
5/10/2025,Amazon U.S._RMI_Good Employer and Pro SMB_H1'25_TTD_ADHESION_1P OE INCREMENTAL AUDIENCE_Cross-Platform Runway,KRG-0hqh-45156,$7.00 ,$1.00 ,"141,815",$993.39 ,$7.00 ,"319,827,100","516,014","564,941",0.16%,27.48%,$6.65 ,95.00%
5/10/2025,Amazon U.S._RMI_Good Employer and Pro SMB_H1'25_TTD_In-Article_300x250_1P OE AUDIENCE_Cross-Platform Venti Display,KRG-x8c8-43674,$6.29 ,$1.00 ,"241,778","$1,523.97 ",$6.30 ,"589,064,400","1,021,864","1,037,492",0.17%,23.66%,$6.33 ,100.64%
5/10/2025,Amazon U.S._RMI_Good Employer and Pro SMB_H1'25_TTD_In-Article_300x250_1P OE INCREMENTAL AUDIENCE_Cross-Platform Venti Video,KRG-l5ia-45158,$7.29 ,$1.00 ,"49,878",$363.75 ,$7.29 ,"589,064,400","205,993","279,849",0.04%,24.21%,$5.73 ,78.60%
5/10/2025,Amazon U.S._RMI_Good Employer and Pro SMB_H1'25_TTD_In-Article_300x250_1P OE AUDIENCE_Cross-Platform Venti Video,KRG-pja5-43673,$7.29 ,$1.00 ,"633,250","$4,618.42 ",$7.29 ,"589,064,400","2,507,476","2,726,494",0.43%,25.25%,$6.94 ,95.20%
5/10/2025,Amazon U.S._RMI_Good Employer and Pro SMB_H1'25_TTD_Instream Video_1P OE AUDIENCE_Cross-Platform Enhanced Pre-Roll,KRG-9qcd-43672,$17.00 ,$1.00 ,"780,369","$13,398.36 ",$17.17 ,"573,941,800","4,249,403","4,250,177",0.74%,18.36%,$17.07 ,100.41%
5/10/2025,Amazon U.S._RMI_Good Employer and Pro SMB_H1'25_TTD_In-Article_300x250_1P OE INCREMENTAL AUDIENCE_Cross-Platform Venti Display,KRG-wcg9-45157,$6.29 ,$1.00 ,"47,463",$298.90 ,$6.30 ,"589,064,400","190,457","192,962",0.03%,24.92%,$6.32 ,100.48%
5/10/2025,Amazon U.S._RMI_Good Employer and Pro SMB_H1'25_TTD_Enhanced CTV,KRG-0gx7-44475,$26.50 ,$0.00 ,0,$0.00 ,$0.00 ,"6,521,574,700",0,0,0.00%,0.00%,$0.00 ,0.00%
5/11/2025,Amazon U.S._RMI_Good Employer and Pro SMB_H1'25_TTD_ADHESION_1P OE AUDIENCE_Cross-Platform Runway,KRG-rlf9-43675,$7.00 ,$1.00 ,"213,997","$1,503.43 ",$7.03 ,"342,541,200","780,973","904,597",0.23%,27.40%,$6.34 ,90.57%
5/11/2025,Amazon U.S._RMI_Good Employer and Pro SMB_H1'25_TTD_In-Article_300x250_1P OE INCREMENTAL AUDIENCE_Cross-Platform Venti Display,KRG-wcg9-45157,$6.29 ,$1.00 ,"52,924",$334.67 ,$6.32 ,"599,524,600","230,407","234,146",0.04%,22.97%,$6.38 ,101.43%
5/11/2025,Amazon U.S._RMI_Good Employer and Pro SMB_H1'25_TTD_Instream Video_1P OE INCREMENTAL AUDIENCE_Cross-Platform Enhanced Pre-Roll,KRG-e5ws-45159,$17.00 ,$1.00 ,"158,289","$2,700.52 ",$17.06 ,"627,857,600","844,251","855,728",0.13%,18.75%,$16.90 ,99.41%
5/11/2025,Amazon U.S._RMI_Good Employer and Pro SMB_H1'25_TTD_In-Article_300x250_1P OE AUDIENCE_Cross-Platform Venti Display,KRG-x8c8-43674,$6.29 ,$1.00 ,"240,163","$1,521.81 ",$6.34 ,"599,524,600","1,085,891","1,105,123",0.18%,22.12%,$6.39 ,101.59%
5/11/2025,Amazon U.S._RMI_Good Employer and Pro SMB_H1'25_TTD_In-Article_300x250_1P OE AUDIENCE_Cross-Platform Venti Video,KRG-pja5-43673,$7.29 ,$1.00 ,"630,489","$4,602.13 ",$7.30 ,"599,524,600","2,628,955","2,846,310",0.44%,23.98%,$7.00 ,96.02%
5/11/2025,Amazon U.S._RMI_Good Employer and Pro SMB_H1'25_TTD_In-Article_300x250_1P OE INCREMENTAL AUDIENCE_Cross-Platform Venti Video,KRG-l5ia-45158,$7.29 ,$1.00 ,"65,262",$476.05 ,$7.29 ,"599,524,600","267,843","353,744",0.04%,24.37%,$5.88 ,80.66%
5/11/2025,Amazon U.S._RMI_Good Employer and Pro SMB_H1'25_TTD_Instream Video_1P OE AUDIENCE_Cross-Platform STANDARD Pre-Roll,KRG-nyw4-44580,$15.00 ,$0.00 ,0,$0.00 ,$0.00 ,"627,857,600",0,0,0.00%,0.00%,$0.00 ,0.00%
5/11/2025,Amazon U.S._RMI_Good Employer and Pro SMB_H1'25_TTD_Instream Video_1P OE AUDIENCE_Cross-Platform Enhanced Pre-Roll,KRG-9qcd-43672,$17.00 ,$1.00 ,"655,590","$11,372.62 ",$17.35 ,"627,857,600","3,280,097","3,280,406",0.52%,19.99%,$17.21 ,101.24%
5/11/2025,Amazon U.S._RMI_Good Employer and Pro SMB_H1'25_TTD_Enhanced CTV,KRG-0gx7-44475,$26.50 ,$0.00 ,0,$0.00 ,$0.00 ,"6,654,060,700",0,0,0.00%,0.00%,$0.00 ,0.00%
5/11/2025,Amazon U.S._RMI_Good Employer and Pro SMB_H1'25_TTD_ADHESION_1P OE INCREMENTAL AUDIENCE_Cross-Platform Runway,KRG-0hqh-45156,$7.00 ,$1.00 ,"91,010",$638.30 ,$7.01 ,"342,541,200","326,804","387,082",0.10%,27.85%,$6.19 ,88.43%
5/12/2025,Amazon U.S._RMI_Good Employer and Pro SMB_H1'25_TTD_In-Article_300x250_1P OE INCREMENTAL AUDIENCE_Cross-Platform Venti Video,KRG-l5ia-45158,$7.29 ,$1.00 ,"92,276",$672.92 ,$7.29 ,"714,068,200","276,115","374,971",0.04%,33.42%,$5.76 ,79.01%
5/12/2025,Amazon U.S._RMI_Good Employer and Pro SMB_H1'25_TTD_In-Article_300x250_1P OE AUDIENCE_Cross-Platform Venti Display,KRG-x8c8-43674,$6.29 ,$1.00 ,"245,096","$1,544.32 ",$6.30 ,"714,068,200","885,878","899,237",0.12%,27.67%,$6.32 ,100.48%
5/12/2025,Amazon U.S._RMI_Good Employer and Pro SMB_H1'25_TTD_In-Article_300x250_1P OE AUDIENCE_Cross-Platform Venti Video,KRG-pja5-43673,$7.29 ,$1.00 ,"642,138","$4,683.34 ",$7.29 ,"714,068,200","2,211,212","2,501,805",0.31%,29.04%,$6.69 ,91.77%
5/12/2025,Amazon U.S._RMI_Good Employer and Pro SMB_H1'25_TTD_ADHESION_1P OE AUDIENCE_Cross-Platform Runway,KRG-rlf9-43675,$7.00 ,$1.00 ,"214,082","$1,502.02 ",$7.02 ,"321,570,600","748,804","848,053",0.23%,28.59%,$6.44 ,92.00%
5/12/2025,Amazon U.S._RMI_Good Employer and Pro SMB_H1'25_TTD_Instream Video_1P OE INCREMENTAL AUDIENCE_Cross-Platform Enhanced Pre-Roll,KRG-e5ws-45159,$17.00 ,$1.00 ,"233,256","$3,972.71 ",$17.03 ,"585,414,800","996,096","1,018,902",0.17%,23.42%,$16.72 ,98.35%
5/12/2025,Amazon U.S._RMI_Good Employer and Pro SMB_H1'25_TTD_In-Article_300x250_1P OE INCREMENTAL AUDIENCE_Cross-Platform Venti Display,KRG-wcg9-45157,$6.29 ,$1.00 ,"111,978",$705.11 ,$6.30 ,"714,068,200","371,119","375,876",0.05%,30.17%,$6.31 ,100.32%
5/12/2025,Amazon U.S._RMI_Good Employer and Pro SMB_H1'25_TTD_Instream Video_1P OE AUDIENCE_Cross-Platform Enhanced Pre-Roll,KRG-9qcd-43672,$17.00 ,$1.00 ,"660,146","$11,425.72 ",$17.31 ,"585,414,800","2,741,345","2,741,722",0.47%,24.08%,$17.21 ,101.24%
5/12/2025,Amazon U.S._RMI_Good Employer and Pro SMB_H1'25_TTD_Enhanced CTV,KRG-0gx7-44475,$26.50 ,$0.00 ,0,$0.00 ,$0.00 ,"6,304,461,600",0,0,0.00%,0.00%,$0.00 ,0.00%
5/12/2025,Amazon U.S._RMI_Good Employer and Pro SMB_H1'25_TTD_ADHESION_1P OE INCREMENTAL AUDIENCE_Cross-Platform Runway,KRG-0hqh-45156,$7.00 ,$1.00 ,"187,318","$1,312.17 ",$7.01 ,"321,570,600","553,047","612,189",0.17%,33.87%,$6.57 ,93.86%
5/12/2025,Amazon U.S._RMI_Good Employer and Pro SMB_H1'25_TTD_Instream Video_1P OE AUDIENCE_Cross-Platform STANDARD Pre-Roll,KRG-nyw4-44580,$15.00 ,$0.00 ,0,$0.00 ,$0.00 ,"585,414,800",0,0,0.00%,0.00%,$0.00 ,0.00%
5/13/2025,Amazon U.S._RMI_Good Employer and Pro SMB_H1'25_TTD_In-Article_300x250_1P OE AUDIENCE_Cross-Platform Venti Display,KRG-x8c8-43674,$6.29 ,$1.00 ,"262,822","$1,657.71 ",$6.31 ,"723,717,800","929,930","943,331",0.13%,28.26%,$6.34 ,100.79%
5/13/2025,Amazon U.S._RMI_Good Employer and Pro SMB_H1'25_TTD_In-Article_300x250_1P OE INCREMENTAL AUDIENCE_Cross-Platform Venti Display,KRG-wcg9-45157,$6.29 ,$1.00 ,"712,457","$9,215.55 ",$12.93 ,"723,717,800","2,334,927","2,357,461",0.32%,30.51%,$11.78 ,187.28%
5/13/2025,Amazon U.S._RMI_Good Employer and Pro SMB_H1'25_TTD_ADHESION_1P OE INCREMENTAL AUDIENCE_Cross-Platform Runway,KRG-0hqh-45156,$7.00 ,$1.00 ,"705,385","$9,641.49 ",$13.67 ,"310,950,000","1,816,147","1,834,252",0.58%,38.84%,$12.38 ,176.86%
5/13/2025,Amazon U.S._RMI_Good Employer and Pro SMB_H1'25_TTD_ADHESION_1P OE AUDIENCE_Cross-Platform Runway,KRG-rlf9-43675,$7.00 ,$1.00 ,"230,807","$1,618.02 ",$7.01 ,"310,950,000","690,517","763,147",0.22%,33.43%,$6.54 ,93.43%
5/13/2025,Amazon U.S._RMI_Good Employer and Pro SMB_H1'25_TTD_In-Article_300x250_1P OE INCREMENTAL AUDIENCE_Cross-Platform Venti Video,KRG-l5ia-45158,$7.29 ,$1.00 ,"664,454","$9,022.53 ",$13.58 ,"723,717,800","1,992,181","2,014,654",0.28%,33.35%,$12.91 ,177.09%
5/13/2025,Amazon U.S._RMI_Good Employer and Pro SMB_H1'25_TTD_Instream Video_1P OE INCREMENTAL AUDIENCE_Cross-Platform Enhanced Pre-Roll,KRG-e5ws-45159,$17.00 ,$1.00 ,"674,209","$12,150.08 ",$18.02 ,"606,722,500","3,219,630","3,222,431",0.53%,20.94%,$17.57 ,103.35%
5/13/2025,Amazon U.S._RMI_Good Employer and Pro SMB_H1'25_TTD_In-Article_300x250_1P OE AUDIENCE_Cross-Platform Venti Video,KRG-pja5-43673,$7.29 ,$1.00 ,"686,773","$5,009.91 ",$7.29 ,"723,717,800","2,404,187","2,580,655",0.33%,28.57%,$6.99 ,95.88%
5/13/2025,Amazon U.S._RMI_Good Employer and Pro SMB_H1'25_TTD_Instream Video_1P OE AUDIENCE_Cross-Platform Enhanced Pre-Roll,KRG-9qcd-43672,$17.00 ,$1.00 ,"706,237","$12,500.85 ",$17.70 ,"606,722,500","3,219,858","3,221,457",0.53%,21.93%,$17.39 ,102.29%
5/13/2025,Amazon U.S._RMI_Good Employer and Pro SMB_H1'25_TTD_Instream Video_1P OE AUDIENCE_Cross-Platform STANDARD Pre-Roll,KRG-nyw4-44580,$15.00 ,$0.00 ,0,$0.00 ,$0.00 ,"606,722,500",0,0,0.00%,0.00%,$0.00 ,0.00%
5/13/2025,Amazon U.S._RMI_Good Employer and Pro SMB_H1'25_TTD_Enhanced CTV,KRG-0gx7-44475,$26.50 ,$0.00 ,0,$0.00 ,$0.00 ,"6,181,868,800",0,0,0.00%,0.00%,$0.00 ,0.00%
5/14/2025,Amazon U.S._RMI_Good Employer and Pro SMB_H1'25_TTD_Instream Video_1P OE INCREMENTAL AUDIENCE_Cross-Platform Enhanced Pre-Roll,KRG-e5ws-45159,$17.00 ,$1.00 ,"472,491","$8,124.16 ",$17.19 ,"596,451,600","2,350,709","2,352,375",0.39%,20.10%,$17.11 ,100.65%
5/14/2025,Amazon U.S._RMI_Good Employer and Pro SMB_H1'25_TTD_In-Article_300x250_1P OE AUDIENCE_Cross-Platform Venti Display,KRG-x8c8-43674,$6.29 ,$1.00 ,"269,060","$1,697.95 ",$6.31 ,"729,569,500","1,073,309","1,088,475",0.15%,25.07%,$6.32 ,100.48%
5/14/2025,Amazon U.S._RMI_Good Employer and Pro SMB_H1'25_TTD_In-Article_300x250_1P OE INCREMENTAL AUDIENCE_Cross-Platform Venti Video,KRG-l5ia-45158,$7.29 ,$1.00 ,"520,238","$9,009.47 ",$17.32 ,"729,569,500","1,198,798","1,252,925",0.16%,43.40%,$16.71 ,229.22%
5/14/2025,Amazon U.S._RMI_Good Employer and Pro SMB_H1'25_TTD_Instream Video_1P OE AUDIENCE_Cross-Platform Enhanced Pre-Roll,KRG-9qcd-43672,$17.00 ,$1.00 ,"384,992","$6,568.81 ",$17.06 ,"596,451,600","1,549,154","1,551,220",0.26%,24.85%,$17.03 ,100.18%
5/14/2025,Amazon U.S._RMI_Good Employer and Pro SMB_H1'25_TTD_Enhanced CTV,KRG-0gx7-44475,$26.50 ,$0.00 ,0,$0.00 ,$0.00 ,"6,018,587,000",0,0,0.00%,0.00%,$0.00 ,0.00%
5/14/2025,Amazon U.S._RMI_Good Employer and Pro SMB_H1'25_TTD_ADHESION_1P OE INCREMENTAL AUDIENCE_Cross-Platform Runway,KRG-0hqh-45156,$7.00 ,$1.00 ,"669,935","$12,942.40 ",$19.32 ,"307,440,700","1,213,171","1,224,021",0.39%,55.22%,$19.27 ,275.29%
5/14/2025,Amazon U.S._RMI_Good Employer and Pro SMB_H1'25_TTD_In-Article_300x250_1P OE INCREMENTAL AUDIENCE_Cross-Platform Venti Display,KRG-wcg9-45157,$6.29 ,$1.00 ,"428,341","$7,125.45 ",$16.64 ,"729,569,500","983,647","987,974",0.13%,43.55%,$16.81 ,267.25%
5/14/2025,Amazon U.S._RMI_Good Employer and Pro SMB_H1'25_TTD_In-Article_300x250_1P OE AUDIENCE_Cross-Platform Venti Video,KRG-pja5-43673,$7.29 ,$1.00 ,"703,279","$5,140.12 ",$7.31 ,"729,569,500","2,630,759","2,821,908",0.36%,26.73%,$7.01 ,96.16%
5/14/2025,Amazon U.S._RMI_Good Employer and Pro SMB_H1'25_TTD_Instream Video_1P OE AUDIENCE_Cross-Platform STANDARD Pre-Roll,KRG-nyw4-44580,$15.00 ,$0.00 ,0,$0.00 ,$0.00 ,"596,451,600",0,0,0.00%,0.00%,$0.00 ,0.00%
5/14/2025,Amazon U.S._RMI_Good Employer and Pro SMB_H1'25_TTD_ADHESION_1P OE AUDIENCE_Cross-Platform Runway,KRG-rlf9-43675,$7.00 ,$1.00 ,"235,335","$1,650.97 ",$7.02 ,"307,440,700","724,757","802,835",0.24%,32.47%,$6.55 ,93.57%
5/15/2025,Amazon U.S._RMI_Good Employer and Pro SMB_H1'25_TTD_Instream Video_1P OE AUDIENCE_Cross-Platform STANDARD Pre-Roll,KRG-nyw4-44580,$15.00 ,$0.00 ,0,$0.00 ,$0.00 ,"573,913,000",0,0,0.00%,0.00%,$0.00 ,0.00%
5/15/2025,Amazon U.S._RMI_Good Employer and Pro SMB_H1'25_TTD_In-Article_300x250_1P OE AUDIENCE_Cross-Platform Venti Display,KRG-x8c8-43674,$6.29 ,$1.00 ,"267,719","$1,693.20 ",$6.32 ,"713,765,700","1,037,110","1,047,861",0.15%,25.81%,$6.33 ,100.64%
5/15/2025,Amazon U.S._RMI_Good Employer and Pro SMB_H1'25_TTD_ADHESION_1P OE INCREMENTAL AUDIENCE_Cross-Platform Runway,KRG-0hqh-45156,$7.00 ,$1.00 ,"546,185","$8,634.81 ",$15.81 ,"291,888,600","980,718","1,014,151",0.34%,55.69%,$15.44 ,220.57%
5/15/2025,Amazon U.S._RMI_Good Employer and Pro SMB_H1'25_TTD_Enhanced CTV,KRG-0gx7-44475,$26.50 ,$0.00 ,0,$0.00 ,$0.00 ,"5,472,395,300",0,0,0.00%,0.00%,$0.00 ,0.00%
5/15/2025,Amazon U.S._RMI_Good Employer and Pro SMB_H1'25_TTD_Instream Video_1P OE AUDIENCE_Cross-Platform Enhanced Pre-Roll,KRG-9qcd-43672,$17.00 ,$1.00 ,"613,257","$10,477.95 ",$17.09 ,"573,913,000","2,972,938","2,974,162",0.52%,20.63%,$17.03 ,100.18%
5/15/2025,Amazon U.S._RMI_Good Employer and Pro SMB_H1'25_TTD_In-Article_300x250_1P OE INCREMENTAL AUDIENCE_Cross-Platform Venti Video,KRG-l5ia-45158,$7.29 ,$1.00 ,"441,932","$6,530.15 ",$14.78 ,"713,765,700","995,484","1,072,591",0.14%,44.39%,$13.83 ,189.71%
5/15/2025,Amazon U.S._RMI_Good Employer and Pro SMB_H1'25_TTD_In-Article_300x250_1P OE INCREMENTAL AUDIENCE_Cross-Platform Venti Display,KRG-wcg9-45157,$6.29 ,$1.00 ,"401,688","$5,017.94 ",$12.49 ,"713,765,700","926,658","931,638",0.13%,43.35%,$12.44 ,197.77%
5/15/2025,Amazon U.S._RMI_Good Employer and Pro SMB_H1'25_TTD_Instream Video_1P OE INCREMENTAL AUDIENCE_Cross-Platform Enhanced Pre-Roll,KRG-e5ws-45159,$17.00 ,$1.00 ,"455,144","$7,789.81 ",$17.12 ,"573,913,000","2,477,652","2,478,810",0.43%,18.37%,$17.06 ,100.35%
5/15/2025,Amazon U.S._RMI_Good Employer and Pro SMB_H1'25_TTD_ADHESION_1P OE AUDIENCE_Cross-Platform Runway,KRG-rlf9-43675,$7.00 ,$1.00 ,"233,796","$1,643.16 ",$7.03 ,"291,888,600","746,782","824,816",0.26%,31.31%,$6.61 ,94.43%
5/15/2025,Amazon U.S._RMI_Good Employer and Pro SMB_H1'25_TTD_In-Article_300x250_1P OE AUDIENCE_Cross-Platform Venti Video,KRG-pja5-43673,$7.29 ,$1.00 ,"705,094","$5,155.71 ",$7.31 ,"713,765,700","2,830,614","3,018,676",0.40%,24.91%,$7.04 ,96.57%
5/16/2025,Amazon U.S._RMI_Good Employer and Pro SMB_H1'25_TTD_In-Article_300x250_1P OE AUDIENCE_Cross-Platform Venti Display,KRG-x8c8-43674,$6.29 ,$1.00 ,"265,418","$1,678.26 ",$6.32 ,"677,709,600","947,421","957,624",0.14%,28.01%,$6.34 ,100.79%
5/16/2025,Amazon U.S._RMI_Good Employer and Pro SMB_H1'25_TTD_In-Article_300x250_1P OE INCREMENTAL AUDIENCE_Cross-Platform Venti Display,KRG-wcg9-45157,$6.29 ,$1.00 ,"71,911",$751.87 ,$10.46 ,"677,709,600","162,451","163,086",0.02%,44.27%,$10.75 ,170.91%
5/16/2025,Amazon U.S._RMI_Good Employer and Pro SMB_H1'25_TTD_ADHESION_1P OE INCREMENTAL AUDIENCE_Cross-Platform Runway,KRG-0hqh-45156,$7.00 ,$1.00 ,"95,518","$1,319.12 ",$13.81 ,"283,798,900","162,712","183,540",0.06%,58.70%,$12.62 ,180.29%
5/16/2025,Amazon U.S._RMI_Good Employer and Pro SMB_H1'25_TTD_Instream Video_1P OE AUDIENCE_Cross-Platform Enhanced Pre-Roll,KRG-9qcd-43672,$17.00 ,$1.00 ,"424,218","$7,221.90 ",$17.02 ,"560,245,500","2,004,262","2,007,568",0.36%,21.17%,$17.01 ,100.06%
5/16/2025,Amazon U.S._RMI_Good Employer and Pro SMB_H1'25_TTD_ADHESION_1P OE AUDIENCE_Cross-Platform Runway,KRG-rlf9-43675,$7.00 ,$1.00 ,"232,618","$1,634.62 ",$7.03 ,"283,798,900","774,079","857,317",0.27%,30.05%,$6.68 ,95.43%
5/16/2025,Amazon U.S._RMI_Good Employer and Pro SMB_H1'25_TTD_In-Article_300x250_1P OE AUDIENCE_Cross-Platform Venti Video,KRG-pja5-43673,$7.29 ,$1.00 ,"693,750","$5,065.05 ",$7.30 ,"677,709,600","2,454,848","2,685,468",0.36%,28.26%,$6.91 ,94.79%
5/16/2025,Amazon U.S._RMI_Good Employer and Pro SMB_H1'25_TTD_Instream Video_1P OE AUDIENCE_Cross-Platform STANDARD Pre-Roll,KRG-nyw4-44580,$15.00 ,$0.00 ,0,$0.00 ,$0.00 ,"560,245,500",0,0,0.00%,0.00%,$0.00 ,0.00%
5/16/2025,Amazon U.S._RMI_Good Employer and Pro SMB_H1'25_TTD_Instream Video_1P OE INCREMENTAL AUDIENCE_Cross-Platform Enhanced Pre-Roll,KRG-e5ws-45159,$17.00 ,$1.00 ,"220,257","$3,765.22 ",$17.09 ,"560,245,500","1,140,325","1,141,790",0.20%,19.32%,$17.07 ,100.41%
5/16/2025,Amazon U.S._RMI_Good Employer and Pro SMB_H1'25_TTD_Enhanced CTV,KRG-0gx7-44475,$26.50 ,$0.00 ,0,$0.00 ,$0.00 ,"5,969,390,500",0,0,0.00%,0.00%,$0.00 ,0.00%
5/16/2025,Amazon U.S._RMI_Good Employer and Pro SMB_H1'25_TTD_In-Article_300x250_1P OE INCREMENTAL AUDIENCE_Cross-Platform Venti Video,KRG-l5ia-45158,$7.29 ,$1.00 ,"83,626","$1,001.19 ",$11.97 ,"677,709,600","189,483","262,278",0.03%,44.13%,$9.25 ,126.89%
5/17/2025,Amazon U.S._RMI_Good Employer and Pro SMB_H1'25_TTD_In-Article_300x250_1P OE AUDIENCE_Cross-Platform Venti Display,KRG-x8c8-43674,$6.29 ,$1.00 ,"257,680","$1,643.38 ",$6.38 ,"620,597,100","862,305","869,313",0.14%,29.88%,$6.43 ,102.23%
5/17/2025,Amazon U.S._RMI_Good Employer and Pro SMB_H1'25_TTD_ADHESION_1P OE AUDIENCE_Cross-Platform Runway,KRG-rlf9-43675,$7.00 ,$1.00 ,"230,065","$1,625.19 ",$7.06 ,"302,402,000","704,880","733,148",0.23%,32.64%,$7.05 ,100.71%
5/17/2025,Amazon U.S._RMI_Good Employer and Pro SMB_H1'25_TTD_In-Article_300x250_1P OE INCREMENTAL AUDIENCE_Cross-Platform Venti Display,KRG-wcg9-45157,$6.29 ,$0.00 ,0,$0.00 ,$0.00 ,"620,597,100",0,0,0.00%,0.00%,$0.00 ,0.00%
5/17/2025,Amazon U.S._RMI_Good Employer and Pro SMB_H1'25_TTD_Enhanced CTV,KRG-0gx7-44475,$26.50 ,$0.00 ,0,$0.00 ,$0.00 ,"6,180,312,700",0,0,0.00%,0.00%,$0.00 ,0.00%
5/17/2025,Amazon U.S._RMI_Good Employer and Pro SMB_H1'25_TTD_Instream Video_1P OE INCREMENTAL AUDIENCE_Cross-Platform Enhanced Pre-Roll,KRG-e5ws-45159,$17.00 ,$0.00 ,0,$0.00 ,$0.00 ,"564,761,700",0,0,0.00%,0.00%,$0.00 ,0.00%
5/17/2025,Amazon U.S._RMI_Good Employer and Pro SMB_H1'25_TTD_In-Article_300x250_1P OE INCREMENTAL AUDIENCE_Cross-Platform Venti Video,KRG-l5ia-45158,$7.29 ,$0.00 ,0,$0.00 ,$0.00 ,"620,597,100",0,0,0.00%,0.00%,$0.00 ,0.00%
5/17/2025,Amazon U.S._RMI_Good Employer and Pro SMB_H1'25_TTD_ADHESION_1P OE INCREMENTAL AUDIENCE_Cross-Platform Runway,KRG-0hqh-45156,$7.00 ,$0.00 ,0,$0.00 ,$0.00 ,"302,402,000",0,0,0.00%,0.00%,$0.00 ,0.00%
5/17/2025,Amazon U.S._RMI_Good Employer and Pro SMB_H1'25_TTD_Instream Video_1P OE AUDIENCE_Cross-Platform STANDARD Pre-Roll,KRG-nyw4-44580,$15.00 ,$0.00 ,0,$0.00 ,$0.00 ,"564,761,700",0,0,0.00%,0.00%,$0.00 ,0.00%
5/17/2025,Amazon U.S._RMI_Good Employer and Pro SMB_H1'25_TTD_In-Article_300x250_1P OE AUDIENCE_Cross-Platform Venti Video,KRG-pja5-43673,$7.29 ,$1.00 ,"688,754","$5,041.96 ",$7.32 ,"620,597,100","2,398,481","2,437,031",0.39%,28.72%,$7.29 ,100.00%
5/17/2025,Amazon U.S._RMI_Good Employer and Pro SMB_H1'25_TTD_Instream Video_1P OE AUDIENCE_Cross-Platform Enhanced Pre-Roll,KRG-9qcd-43672,$17.00 ,$1.00 ,"423,255","$7,198.87 ",$17.01 ,"564,761,700","2,534,514","2,538,651",0.45%,16.70%,$16.99 ,99.94%
5/18/2025,Amazon U.S._RMI_Good Employer and Pro SMB_H1'25_TTD_In-Article_300x250_1P OE INCREMENTAL AUDIENCE_Cross-Platform Venti Display,KRG-wcg9-45157,$6.29 ,$0.00 ,0,$0.00 ,$0.00 ,"670,863,800",0,0,0.00%,0.00%,$0.00 ,0.00%
5/18/2025,Amazon U.S._RMI_Good Employer and Pro SMB_H1'25_TTD_Enhanced CTV,KRG-0gx7-44475,$26.50 ,$0.00 ,0,$0.00 ,$0.00 ,"6,315,382,200",0,0,0.00%,0.00%,$0.00 ,0.00%
5/18/2025,Amazon U.S._RMI_Good Employer and Pro SMB_H1'25_TTD_Instream Video_1P OE INCREMENTAL AUDIENCE_Cross-Platform Enhanced Pre-Roll,KRG-e5ws-45159,$17.00 ,$0.00 ,0,$0.00 ,$0.00 ,"642,660,600",0,0,0.00%,0.00%,$0.00 ,0.00%
5/18/2025,Amazon U.S._RMI_Good Employer and Pro SMB_H1'25_TTD_Instream Video_1P OE AUDIENCE_Cross-Platform Enhanced Pre-Roll,KRG-9qcd-43672,$17.00 ,$1.00 ,"421,936","$7,178.80 ",$17.01 ,"642,660,600","2,243,823","2,243,982",0.35%,18.80%,$17.01 ,100.06%
5/18/2025,Amazon U.S._RMI_Good Employer and Pro SMB_H1'25_TTD_In-Article_300x250_1P OE AUDIENCE_Cross-Platform Venti Video,KRG-pja5-43673,$7.29 ,$1.00 ,"680,429","$5,025.13 ",$7.39 ,"670,863,800","2,046,369","2,054,359",0.31%,33.25%,$7.45 ,102.19%
5/18/2025,Amazon U.S._RMI_Good Employer and Pro SMB_H1'25_TTD_ADHESION_1P OE INCREMENTAL AUDIENCE_Cross-Platform Runway,KRG-0hqh-45156,$7.00 ,$0.00 ,0,$0.00 ,$0.00 ,"344,929,300",0,0,0.00%,0.00%,$0.00 ,0.00%
5/18/2025,Amazon U.S._RMI_Good Employer and Pro SMB_H1'25_TTD_Instream Video_1P OE AUDIENCE_Cross-Platform STANDARD Pre-Roll,KRG-nyw4-44580,$15.00 ,$0.00 ,0,$0.00 ,$0.00 ,"642,660,600",0,0,0.00%,0.00%,$0.00 ,0.00%
5/18/2025,Amazon U.S._RMI_Good Employer and Pro SMB_H1'25_TTD_ADHESION_1P OE AUDIENCE_Cross-Platform Runway,KRG-rlf9-43675,$7.00 ,$1.00 ,"225,642","$1,619.44 ",$7.18 ,"344,929,300","619,892","630,966",0.18%,36.40%,$7.26 ,103.71%
5/18/2025,Amazon U.S._RMI_Good Employer and Pro SMB_H1'25_TTD_In-Article_300x250_1P OE AUDIENCE_Cross-Platform Venti Display,KRG-x8c8-43674,$6.29 ,$1.00 ,"255,917","$1,640.06 ",$6.41 ,"670,863,800","715,045","720,645",0.11%,35.79%,$6.45 ,102.54%
5/18/2025,Amazon U.S._RMI_Good Employer and Pro SMB_H1'25_TTD_In-Article_300x250_1P OE INCREMENTAL AUDIENCE_Cross-Platform Venti Video,KRG-l5ia-45158,$7.29 ,$0.00 ,0,$0.00 ,$0.00 ,"670,863,800",0,0,0.00%,0.00%,$0.00 ,0.00%
5/19/2025,Amazon U.S._RMI_Good Employer and Pro SMB_H1'25_TTD_Instream Video_1P OE AUDIENCE_Cross-Platform Enhanced Pre-Roll,KRG-9qcd-43672,$17.00 ,$1.00 ,"421,291","$7,166.75 ",$17.01 ,"637,187,700","2,122,616","2,122,772",0.33%,19.85%,$17.01 ,100.06%
5/19/2025,Amazon U.S._RMI_Good Employer and Pro SMB_H1'25_TTD_ADHESION_1P OE INCREMENTAL AUDIENCE_Cross-Platform Runway,KRG-0hqh-45156,$7.00 ,$0.00 ,0,$0.00 ,$0.00 ,"330,863,200",0,0,0.00%,0.00%,$0.00 ,0.00%
5/19/2025,Amazon U.S._RMI_Good Employer and Pro SMB_H1'25_TTD_Instream Video_1P OE AUDIENCE_Cross-Platform STANDARD Pre-Roll,KRG-nyw4-44580,$15.00 ,$0.00 ,0,$0.00 ,$0.00 ,"637,187,700",0,0,0.00%,0.00%,$0.00 ,0.00%
5/19/2025,Amazon U.S._RMI_Good Employer and Pro SMB_H1'25_TTD_In-Article_300x250_1P OE INCREMENTAL AUDIENCE_Cross-Platform Venti Display,KRG-wcg9-45157,$6.29 ,$0.00 ,0,$0.00 ,$0.00 ,"843,749,800",0,0,0.00%,0.00%,$0.00 ,0.00%
5/19/2025,Amazon U.S._RMI_Good Employer and Pro SMB_H1'25_TTD_In-Article_300x250_1P OE AUDIENCE_Cross-Platform Venti Video,KRG-pja5-43673,$7.29 ,$1.00 ,"419,120","$3,096.54 ",$7.39 ,"843,749,800","1,278,947","1,288,668",0.15%,32.77%,$7.45 ,102.19%
5/19/2025,Amazon U.S._RMI_Good Employer and Pro SMB_H1'25_TTD_Instream Video_1P OE INCREMENTAL AUDIENCE_Cross-Platform Enhanced Pre-Roll,KRG-e5ws-45159,$17.00 ,$0.00 ,0,$0.00 ,$0.00 ,"637,187,700",0,0,0.00%,0.00%,$0.00 ,0.00%
5/19/2025,Amazon U.S._RMI_Good Employer and Pro SMB_H1'25_TTD_In-Article_300x250_1P OE AUDIENCE_Cross-Platform Venti Display,KRG-x8c8-43674,$6.29 ,$1.00 ,"261,974","$1,717.24 ",$6.56 ,"843,749,800","800,184","807,006",0.09%,32.74%,$6.64 ,105.56%
5/19/2025,Amazon U.S._RMI_Good Employer and Pro SMB_H1'25_TTD_In-Article_300x250_1P OE INCREMENTAL AUDIENCE_Cross-Platform Venti Video,KRG-l5ia-45158,$7.29 ,$0.00 ,0,$0.00 ,$0.00 ,"843,749,800",0,0,0.00%,0.00%,$0.00 ,0.00%
5/19/2025,Amazon U.S._RMI_Good Employer and Pro SMB_H1'25_TTD_Enhanced CTV,KRG-0gx7-44475,$26.50 ,$0.00 ,0,$0.00 ,$0.00 ,"6,092,040,000",0,0,0.00%,0.00%,$0.00 ,0.00%
5/19/2025,Amazon U.S._RMI_Good Employer and Pro SMB_H1'25_TTD_ADHESION_1P OE AUDIENCE_Cross-Platform Runway,KRG-rlf9-43675,$7.00 ,$1.00 ,"478,464","$3,467.93 ",$7.25 ,"330,863,200","1,238,041","1,275,741",0.37%,38.65%,$7.32 ,104.57%
5/20/2025,Amazon U.S._RMI_Good Employer and Pro SMB_H1'25_TTD_In-Article_300x250_1P OE AUDIENCE_Cross-Platform Venti Video,KRG-pja5-43673,$7.29 ,$1.00 ,"419,775","$3,097.19 ",$7.38 ,"888,043,700","1,367,603","1,386,997",0.15%,30.69%,$7.43 ,101.92%
5/20/2025,Amazon U.S._RMI_Good Employer and Pro SMB_H1'25_TTD_Instream Video_1P OE AUDIENCE_Cross-Platform Enhanced Pre-Roll,KRG-9qcd-43672,$17.00 ,$1.00 ,"422,453","$7,187.67 ",$17.01 ,"597,017,900","2,186,967","2,193,449",0.37%,19.32%,$17.01 ,100.06%
5/20/2025,Amazon U.S._RMI_Good Employer and Pro SMB_H1'25_TTD_In-Article_300x250_1P OE INCREMENTAL AUDIENCE_Cross-Platform Venti Video,KRG-l5ia-45158,$7.29 ,$1.00 ,"35,895",$684.40 ,$19.07 ,"888,043,700","81,394","81,618",0.01%,44.10%,$19.13 ,262.41%
5/20/2025,Amazon U.S._RMI_Good Employer and Pro SMB_H1'25_TTD_In-Article_300x250_1P OE AUDIENCE_Cross-Platform Venti Display,KRG-x8c8-43674,$6.29 ,$1.00 ,"267,365","$1,737.48 ",$6.50 ,"888,043,700","898,955","912,162",0.10%,29.74%,$6.58 ,104.61%
5/20/2025,Amazon U.S._RMI_Good Employer and Pro SMB_H1'25_TTD_Instream Video_1P OE AUDIENCE_Cross-Platform STANDARD Pre-Roll,KRG-nyw4-44580,$15.00 ,$0.00 ,0,$0.00 ,$0.00 ,"597,017,900",0,0,0.00%,0.00%,$0.00 ,0.00%
5/20/2025,Amazon U.S._RMI_Good Employer and Pro SMB_H1'25_TTD_Instream Video_1P OE INCREMENTAL AUDIENCE_Cross-Platform Enhanced Pre-Roll,KRG-e5ws-45159,$17.00 ,$1.00 ,"29,634",$504.62 ,$17.03 ,"597,017,900","108,710","108,880",0.02%,27.26%,$17.03 ,100.18%
5/20/2025,Amazon U.S._RMI_Good Employer and Pro SMB_H1'25_TTD_Enhanced CTV,KRG-0gx7-44475,$26.50 ,$0.00 ,0,$0.00 ,$0.00 ,"6,019,158,000",0,0,0.00%,0.00%,$0.00 ,0.00%
5/20/2025,Amazon U.S._RMI_Good Employer and Pro SMB_H1'25_TTD_ADHESION_1P OE AUDIENCE_Cross-Platform Runway,KRG-rlf9-43675,$7.00 ,$1.00 ,"476,083","$3,415.30 ",$7.17 ,"314,294,900","1,384,023","1,428,287",0.44%,34.40%,$7.23 ,103.29%
5/20/2025,Amazon U.S._RMI_Good Employer and Pro SMB_H1'25_TTD_In-Article_300x250_1P OE INCREMENTAL AUDIENCE_Cross-Platform Venti Display,KRG-wcg9-45157,$6.29 ,$1.00 ,"80,368","$1,399.01 ",$17.41 ,"888,043,700","198,262","199,225",0.02%,40.54%,$17.47 ,277.74%
5/20/2025,Amazon U.S._RMI_Good Employer and Pro SMB_H1'25_TTD_ADHESION_1P OE INCREMENTAL AUDIENCE_Cross-Platform Runway,KRG-0hqh-45156,$7.00 ,$1.00 ,"36,791",$681.13 ,$18.51 ,"314,294,900","70,826","71,091",0.02%,51.95%,$18.47 ,263.86%
5/21/2025,Amazon U.S._RMI_Good Employer and Pro SMB_H1'25_TTD_Instream Video_1P OE AUDIENCE_Cross-Platform STANDARD Pre-Roll,KRG-nyw4-44580,$15.00 ,$0.00 ,0,$0.00 ,$0.00 ,"576,693,000",0,0,0.00%,0.00%,$0.00 ,0.00%
5/21/2025,Amazon U.S._RMI_Good Employer and Pro SMB_H1'25_TTD_Instream Video_1P OE INCREMENTAL AUDIENCE_Cross-Platform Enhanced Pre-Roll,KRG-e5ws-45159,$17.00 ,$1.00 ,"289,772","$4,952.50 ",$17.09 ,"576,693,000","1,659,385","1,662,418",0.29%,17.46%,$17.07 ,100.41%
5/21/2025,Amazon U.S._RMI_Good Employer and Pro SMB_H1'25_TTD_In-Article_300x250_1P OE AUDIENCE_Cross-Platform Venti Display,KRG-x8c8-43674,$6.29 ,$1.00 ,"242,416","$1,557.94 ",$6.43 ,"866,427,200","844,531","853,865",0.10%,28.70%,$6.50 ,103.34%
5/21/2025,Amazon U.S._RMI_Good Employer and Pro SMB_H1'25_TTD_ADHESION_1P OE INCREMENTAL AUDIENCE_Cross-Platform Runway,KRG-0hqh-45156,$7.00 ,$1.00 ,"361,347","$6,877.33 ",$19.03 ,"305,836,900","857,156","859,077",0.28%,42.16%,$19.16 ,273.71%
5/21/2025,Amazon U.S._RMI_Good Employer and Pro SMB_H1'25_TTD_In-Article_300x250_1P OE INCREMENTAL AUDIENCE_Cross-Platform Venti Display,KRG-wcg9-45157,$6.29 ,$1.00 ,"341,700","$6,007.06 ",$17.58 ,"866,427,200","852,042","854,627",0.10%,40.10%,$17.40 ,276.63%
5/21/2025,Amazon U.S._RMI_Good Employer and Pro SMB_H1'25_TTD_Instream Video_1P OE AUDIENCE_Cross-Platform Enhanced Pre-Roll,KRG-9qcd-43672,$17.00 ,$1.00 ,"452,735","$7,708.08 ",$17.03 ,"576,693,000","2,355,008","2,359,102",0.41%,19.22%,$17.01 ,100.06%
5/21/2025,Amazon U.S._RMI_Good Employer and Pro SMB_H1'25_TTD_Enhanced CTV,KRG-0gx7-44475,$26.50 ,$0.00 ,0,$0.00 ,$0.00 ,"6,005,111,200",0,0,0.00%,0.00%,$0.00 ,0.00%
5/21/2025,Amazon U.S._RMI_Good Employer and Pro SMB_H1'25_TTD_In-Article_300x250_1P OE INCREMENTAL AUDIENCE_Cross-Platform Venti Video,KRG-l5ia-45158,$7.29 ,$1.00 ,"328,893","$6,026.46 ",$18.32 ,"866,427,200","795,692","797,985",0.09%,41.33%,$18.35 ,251.71%
5/21/2025,Amazon U.S._RMI_Good Employer and Pro SMB_H1'25_TTD_ADHESION_1P OE AUDIENCE_Cross-Platform Runway,KRG-rlf9-43675,$7.00 ,$1.00 ,"501,180","$3,544.28 ",$7.07 ,"305,836,900","1,580,798","1,614,190",0.52%,31.70%,$7.10 ,101.43%
5/21/2025,Amazon U.S._RMI_Good Employer and Pro SMB_H1'25_TTD_In-Article_300x250_1P OE AUDIENCE_Cross-Platform Venti Video,KRG-pja5-43673,$7.29 ,$1.00 ,"425,688","$3,117.23 ",$7.32 ,"866,427,200","1,433,623","1,445,729",0.17%,29.69%,$7.34 ,100.69%
5/22/2025,Amazon U.S._RMI_Good Employer and Pro SMB_H1'25_TTD_Instream Video_1P OE INCREMENTAL AUDIENCE_Cross-Platform Enhanced Pre-Roll,KRG-e5ws-45159,$17.00 ,$1.00 ,"150,027","$2,576.99 ",$17.18 ,"558,924,400","588,561","589,546",0.11%,25.49%,$17.10 ,100.59%
5/22/2025,Amazon U.S._RMI_Good Employer and Pro SMB_H1'25_TTD_Enhanced CTV,KRG-0gx7-44475,$26.50 ,$0.00 ,0,$0.00 ,$0.00 ,"6,125,639,600",0,0,0.00%,0.00%,$0.00 ,0.00%
5/22/2025,Amazon U.S._RMI_Good Employer and Pro SMB_H1'25_TTD_ADHESION_1P OE AUDIENCE_Cross-Platform Runway,KRG-rlf9-43675,$7.00 ,$1.00 ,"472,544","$3,330.74 ",$7.05 ,"291,411,500","1,507,085","1,521,239",0.52%,31.35%,$7.04 ,100.57%
5/22/2025,Amazon U.S._RMI_Good Employer and Pro SMB_H1'25_TTD_In-Article_300x250_1P OE INCREMENTAL AUDIENCE_Cross-Platform Venti Video,KRG-l5ia-45158,$7.29 ,$1.00 ,"321,221","$6,047.09 ",$18.83 ,"866,297,200","692,438","694,412",0.08%,46.39%,$18.82 ,258.16%
5/22/2025,Amazon U.S._RMI_Good Employer and Pro SMB_H1'25_TTD_In-Article_300x250_1P OE AUDIENCE_Cross-Platform Venti Display,KRG-x8c8-43674,$6.29 ,$1.00 ,"304,277","$1,930.69 ",$6.35 ,"866,297,200","1,136,878","1,148,272",0.13%,26.76%,$6.35 ,100.95%
5/22/2025,Amazon U.S._RMI_Good Employer and Pro SMB_H1'25_TTD_In-Article_300x250_1P OE AUDIENCE_Cross-Platform Venti Video,KRG-pja5-43673,$7.29 ,$1.00 ,"404,328","$2,962.39 ",$7.33 ,"866,297,200","1,355,779","1,364,962",0.16%,29.82%,$7.32 ,100.41%
5/22/2025,Amazon U.S._RMI_Good Employer and Pro SMB_H1'25_TTD_In-Article_300x250_1P OE INCREMENTAL AUDIENCE_Cross-Platform Venti Display,KRG-wcg9-45157,$6.29 ,$1.00 ,"293,027","$5,139.13 ",$17.54 ,"866,297,200","630,299","631,568",0.07%,46.49%,$17.23 ,273.93%
5/22/2025,Amazon U.S._RMI_Good Employer and Pro SMB_H1'25_TTD_ADHESION_1P OE INCREMENTAL AUDIENCE_Cross-Platform Runway,KRG-0hqh-45156,$7.00 ,$1.00 ,"358,939","$6,807.99 ",$18.97 ,"291,411,500","690,507","690,987",0.24%,51.98%,$18.97 ,271.00%
5/22/2025,Amazon U.S._RMI_Good Employer and Pro SMB_H1'25_TTD_Instream Video_1P OE AUDIENCE_Cross-Platform STANDARD Pre-Roll,KRG-nyw4-44580,$15.00 ,$0.00 ,0,$0.00 ,$0.00 ,"558,924,400",0,0,0.00%,0.00%,$0.00 ,0.00%
5/22/2025,Amazon U.S._RMI_Good Employer and Pro SMB_H1'25_TTD_Instream Video_1P OE AUDIENCE_Cross-Platform Enhanced Pre-Roll,KRG-9qcd-43672,$17.00 ,$1.00 ,"187,659","$3,208.85 ",$17.10 ,"558,924,400","611,725","612,768",0.11%,30.68%,$17.06 ,100.35%
5/23/2025,Amazon U.S._RMI_Good Employer and Pro SMB_H1'25_TTD_Instream Video_1P OE AUDIENCE_Cross-Platform STANDARD Pre-Roll,KRG-nyw4-44580,$15.00 ,$0.00 ,0,$0.00 ,$0.00 ,"542,314,900",0,0,0.00%,0.00%,$0.00 ,0.00%
5/23/2025,Amazon U.S._RMI_Good Employer and Pro SMB_H1'25_TTD_Instream Video_1P OE INCREMENTAL AUDIENCE_Cross-Platform Enhanced Pre-Roll,KRG-e5ws-45159,$17.00 ,$1.00 ,"164,712","$2,810.55 ",$17.06 ,"542,314,900","847,931","848,227",0.16%,19.43%,$17.04 ,100.24%
5/23/2025,Amazon U.S._RMI_Good Employer and Pro SMB_H1'25_TTD_In-Article_300x250_1P OE INCREMENTAL AUDIENCE_Cross-Platform Venti Display,KRG-wcg9-45157,$6.29 ,$1.00 ,31,$0.40 ,$13.02 ,"821,281,000",48,48,0.00%,64.58%,$12.12 ,192.69%
5/23/2025,Amazon U.S._RMI_Good Employer and Pro SMB_H1'25_TTD_ADHESION_1P OE INCREMENTAL AUDIENCE_Cross-Platform Runway,KRG-0hqh-45156,$7.00 ,$1.00 ,100,$1.63 ,$16.28 ,"285,685,500",141,141,0.00%,70.92%,$16.21 ,231.57%
5/23/2025,Amazon U.S._RMI_Good Employer and Pro SMB_H1'25_TTD_In-Article_300x250_1P OE AUDIENCE_Cross-Platform Venti Video,KRG-pja5-43673,$7.29 ,$1.00 ,"404,972","$2,959.16 ",$7.31 ,"821,281,000","1,548,237","1,561,600",0.19%,26.16%,$7.30 ,100.14%
5/23/2025,Amazon U.S._RMI_Good Employer and Pro SMB_H1'25_TTD_Enhanced CTV,KRG-0gx7-44475,$26.50 ,$0.00 ,0,$0.00 ,$0.00 ,"6,193,332,600",0,0,0.00%,0.00%,$0.00 ,0.00%
5/23/2025,Amazon U.S._RMI_Good Employer and Pro SMB_H1'25_TTD_ADHESION_1P OE AUDIENCE_Cross-Platform Runway,KRG-rlf9-43675,$7.00 ,$1.00 ,"431,674","$3,031.05 ",$7.02 ,"285,685,500","1,624,353","1,631,532",0.57%,26.58%,$7.02 ,100.29%
5/23/2025,Amazon U.S._RMI_Good Employer and Pro SMB_H1'25_TTD_In-Article_300x250_1P OE INCREMENTAL AUDIENCE_Cross-Platform Venti Video,KRG-l5ia-45158,$7.29 ,$1.00 ,84,$0.78 ,$9.24 ,"821,281,000",150,150,0.00%,56.00%,$9.42 ,129.22%
5/23/2025,Amazon U.S._RMI_Good Employer and Pro SMB_H1'25_TTD_Instream Video_1P OE AUDIENCE_Cross-Platform Enhanced Pre-Roll,KRG-9qcd-43672,$17.00 ,$1.00 ,"134,903","$2,302.47 ",$17.07 ,"542,314,900","370,745","370,892",0.07%,36.39%,$17.04 ,100.24%
5/23/2025,Amazon U.S._RMI_Good Employer and Pro SMB_H1'25_TTD_In-Article_300x250_1P OE AUDIENCE_Cross-Platform Venti Display,KRG-x8c8-43674,$6.29 ,$1.00 ,"347,074","$2,198.61 ",$6.33 ,"821,281,000","1,693,175","1,715,026",0.21%,20.50%,$6.33 ,100.64%
5/24/2025,Amazon U.S._RMI_Good Employer and Pro SMB_H1'25_TTD_In-Article_300x250_1P OE INCREMENTAL AUDIENCE_Cross-Platform Venti Display,KRG-wcg9-45157,$6.29 ,$1.00 ,"178,446","$2,915.58 ",$16.34 ,"787,650,100","432,935","434,275",0.06%,41.22%,$15.81 ,251.35%
5/24/2025,Amazon U.S._RMI_Good Employer and Pro SMB_H1'25_TTD_ADHESION_1P OE AUDIENCE_Cross-Platform Runway,KRG-rlf9-43675,$7.00 ,$1.00 ,"483,073","$3,391.72 ",$7.02 ,"282,354,700","1,908,596","1,913,703",0.68%,25.31%,$7.02 ,100.29%
5/24/2025,Amazon U.S._RMI_Good Employer and Pro SMB_H1'25_TTD_ADHESION_1P OE INCREMENTAL AUDIENCE_Cross-Platform Runway,KRG-0hqh-45156,$7.00 ,$1.00 ,"89,990","$1,655.83 ",$18.40 ,"282,354,700","160,093","160,170",0.06%,56.21%,$18.58 ,265.43%
5/24/2025,Amazon U.S._RMI_Good Employer and Pro SMB_H1'25_TTD_In-Article_300x250_1P OE AUDIENCE_Cross-Platform Venti Video,KRG-pja5-43673,$7.29 ,$1.00 ,"378,500","$2,765.27 ",$7.31 ,"787,650,100","1,603,339","1,621,243",0.20%,23.61%,$7.30 ,100.14%
5/24/2025,Amazon U.S._RMI_Good Employer and Pro SMB_H1'25_TTD_Enhanced CTV,KRG-0gx7-44475,$26.50 ,$0.00 ,0,$0.00 ,$0.00 ,"6,438,495,500",0,0,0.00%,0.00%,$0.00 ,0.00%
5/24/2025,Amazon U.S._RMI_Good Employer and Pro SMB_H1'25_TTD_Instream Video_1P OE AUDIENCE_Cross-Platform STANDARD Pre-Roll,KRG-nyw4-44580,$15.00 ,$0.00 ,0,$0.00 ,$0.00 ,"573,991,800",0,0,0.00%,0.00%,$0.00 ,0.00%
5/24/2025,Amazon U.S._RMI_Good Employer and Pro SMB_H1'25_TTD_In-Article_300x250_1P OE AUDIENCE_Cross-Platform Venti Display,KRG-x8c8-43674,$6.29 ,$1.00 ,"308,836","$1,963.32 ",$6.36 ,"787,650,100","1,791,399","1,827,983",0.23%,17.24%,$6.37 ,101.27%
5/24/2025,Amazon U.S._RMI_Good Employer and Pro SMB_H1'25_TTD_In-Article_300x250_1P OE INCREMENTAL AUDIENCE_Cross-Platform Venti Video,KRG-l5ia-45158,$7.29 ,$1.00 ,"108,820","$1,907.29 ",$17.53 ,"787,650,100","246,131","246,607",0.03%,44.21%,$17.73 ,243.21%
5/24/2025,Amazon U.S._RMI_Good Employer and Pro SMB_H1'25_TTD_Instream Video_1P OE AUDIENCE_Cross-Platform Enhanced Pre-Roll,KRG-9qcd-43672,$17.00 ,$1.00 ,"171,423","$2,928.99 ",$17.09 ,"573,991,800","495,525","495,591",0.09%,34.59%,$17.05 ,100.29%
5/24/2025,Amazon U.S._RMI_Good Employer and Pro SMB_H1'25_TTD_Instream Video_1P OE INCREMENTAL AUDIENCE_Cross-Platform Enhanced Pre-Roll,KRG-e5ws-45159,$17.00 ,$1.00 ,"136,917","$2,346.09 ",$17.14 ,"573,991,800","593,340","593,389",0.10%,23.08%,$17.15 ,100.88%
5/25/2025,Amazon U.S._RMI_Good Employer and Pro SMB_H1'25_TTD_Enhanced CTV,KRG-0gx7-44475,$26.50 ,$0.00 ,0,$0.00 ,$0.00 ,"6,617,116,200",0,0,0.00%,0.00%,$0.00 ,0.00%
5/25/2025,Amazon U.S._RMI_Good Employer and Pro SMB_H1'25_TTD_In-Article_300x250_1P OE AUDIENCE_Cross-Platform Venti Video,KRG-pja5-43673,$7.29 ,$1.00 ,"388,897","$2,843.23 ",$7.31 ,"842,625,400","1,559,729","1,570,217",0.19%,24.93%,$7.32 ,100.41%
5/25/2025,Amazon U.S._RMI_Good Employer and Pro SMB_H1'25_TTD_Instream Video_1P OE AUDIENCE_Cross-Platform Enhanced Pre-Roll,KRG-9qcd-43672,$17.00 ,$1.00 ,"216,401","$3,696.96 ",$17.08 ,"623,148,800","599,631","599,680",0.10%,36.09%,$17.05 ,100.29%
5/25/2025,Amazon U.S._RMI_Good Employer and Pro SMB_H1'25_TTD_In-Article_300x250_1P OE INCREMENTAL AUDIENCE_Cross-Platform Venti Display,KRG-wcg9-45157,$6.29 ,$1.00 ,"1,441",$16.01 ,$11.11 ,"842,625,400","3,904","3,917",0.00%,36.91%,$10.06 ,159.94%
5/25/2025,Amazon U.S._RMI_Good Employer and Pro SMB_H1'25_TTD_ADHESION_1P OE INCREMENTAL AUDIENCE_Cross-Platform Runway,KRG-0hqh-45156,$7.00 ,$1.00 ,"3,700",$52.43 ,$14.17 ,"320,018,800","5,765","5,771",0.00%,64.18%,$14.29 ,204.14%
5/25/2025,Amazon U.S._RMI_Good Employer and Pro SMB_H1'25_TTD_In-Article_300x250_1P OE AUDIENCE_Cross-Platform Venti Display,KRG-x8c8-43674,$6.29 ,$1.00 ,"308,712","$1,977.10 ",$6.40 ,"842,625,400","1,637,079","1,652,863",0.19%,18.86%,$6.47 ,102.86%
5/25/2025,Amazon U.S._RMI_Good Employer and Pro SMB_H1'25_TTD_Instream Video_1P OE INCREMENTAL AUDIENCE_Cross-Platform Enhanced Pre-Roll,KRG-e5ws-45159,$17.00 ,$1.00 ,5,$0.09 ,$17.22 ,"623,148,800",13,13,0.00%,38.46%,$17.15 ,100.88%
5/25/2025,Amazon U.S._RMI_Good Employer and Pro SMB_H1'25_TTD_ADHESION_1P OE AUDIENCE_Cross-Platform Runway,KRG-rlf9-43675,$7.00 ,$1.00 ,"466,806","$3,281.82 ",$7.03 ,"320,018,800","1,757,055","1,762,549",0.55%,26.57%,$7.05 ,100.71%
5/25/2025,Amazon U.S._RMI_Good Employer and Pro SMB_H1'25_TTD_In-Article_300x250_1P OE INCREMENTAL AUDIENCE_Cross-Platform Venti Video,KRG-l5ia-45158,$7.29 ,$1.00 ,"3,844",$49.28 ,$12.82 ,"842,625,400","8,460","8,496",0.00%,45.44%,$12.50 ,171.47%
5/25/2025,Amazon U.S._RMI_Good Employer and Pro SMB_H1'25_TTD_Instream Video_1P OE AUDIENCE_Cross-Platform STANDARD Pre-Roll,KRG-nyw4-44580,$15.00 ,$0.00 ,0,$0.00 ,$0.00 ,"623,148,800",0,0,0.00%,0.00%,$0.00 ,0.00%
5/26/2025,Amazon U.S._RMI_Good Employer and Pro SMB_H1'25_TTD_In-Article_300x250_1P OE INCREMENTAL AUDIENCE_Cross-Platform Venti Display,KRG-wcg9-45157,$6.29 ,$0.00 ,0,$0.00 ,$0.00 ,"950,774,000",0,0,0.00%,0.00%,$0.00 ,0.00%
5/26/2025,Amazon U.S._RMI_Good Employer and Pro SMB_H1'25_TTD_Instream Video_1P OE AUDIENCE_Cross-Platform STANDARD Pre-Roll,KRG-nyw4-44580,$15.00 ,$0.00 ,0,$0.00 ,$0.00 ,"687,404,100",0,0,0.00%,0.00%,$0.00 ,0.00%
5/26/2025,Amazon U.S._RMI_Good Employer and Pro SMB_H1'25_TTD_Instream Video_1P OE AUDIENCE_Cross-Platform Enhanced Pre-Roll,KRG-9qcd-43672,$17.00 ,$1.00 ,"237,424","$4,045.78 ",$17.04 ,"687,404,100","566,323","566,374",0.08%,41.92%,$17.03 ,100.18%
5/26/2025,Amazon U.S._RMI_Good Employer and Pro SMB_H1'25_TTD_Instream Video_1P OE INCREMENTAL AUDIENCE_Cross-Platform Enhanced Pre-Roll,KRG-e5ws-45159,$17.00 ,$0.00 ,0,$0.00 ,$0.00 ,"687,404,100",0,0,0.00%,0.00%,$0.00 ,0.00%
5/26/2025,Amazon U.S._RMI_Good Employer and Pro SMB_H1'25_TTD_In-Article_300x250_1P OE AUDIENCE_Cross-Platform Venti Video,KRG-pja5-43673,$7.29 ,$1.00 ,"394,507","$2,879.33 ",$7.30 ,"950,774,000","1,469,540","1,477,482",0.15%,26.85%,$7.31 ,100.27%
5/26/2025,Amazon U.S._RMI_Good Employer and Pro SMB_H1'25_TTD_In-Article_300x250_1P OE AUDIENCE_Cross-Platform Venti Display,KRG-x8c8-43674,$6.29 ,$1.00 ,"311,576","$1,976.78 ",$6.34 ,"950,774,000","1,514,682","1,527,795",0.16%,20.57%,$6.41 ,101.91%
5/26/2025,Amazon U.S._RMI_Good Employer and Pro SMB_H1'25_TTD_In-Article_300x250_1P OE INCREMENTAL AUDIENCE_Cross-Platform Venti Video,KRG-l5ia-45158,$7.29 ,$0.00 ,0,$0.00 ,$0.00 ,"950,774,000",0,0,0.00%,0.00%,$0.00 ,0.00%
5/26/2025,Amazon U.S._RMI_Good Employer and Pro SMB_H1'25_TTD_ADHESION_1P OE INCREMENTAL AUDIENCE_Cross-Platform Runway,KRG-0hqh-45156,$7.00 ,$0.00 ,0,$0.00 ,$0.00 ,"358,894,900",0,0,0.00%,0.00%,$0.00 ,0.00%
5/26/2025,Amazon U.S._RMI_Good Employer and Pro SMB_H1'25_TTD_Enhanced CTV,KRG-0gx7-44475,$26.50 ,$0.00 ,0,$0.00 ,$0.00 ,"6,712,324,900",0,0,0.00%,0.00%,$0.00 ,0.00%
5/26/2025,Amazon U.S._RMI_Good Employer and Pro SMB_H1'25_TTD_ADHESION_1P OE AUDIENCE_Cross-Platform Runway,KRG-rlf9-43675,$7.00 ,$1.00 ,"459,853","$3,223.28 ",$7.01 ,"358,894,900","1,528,397","1,532,684",0.43%,30.09%,$7.02 ,100.29%
5/27/2025,Amazon U.S._RMI_Good Employer and Pro SMB_H1'25_TTD_In-Article_300x250_1P OE INCREMENTAL AUDIENCE_Cross-Platform Venti Video,KRG-l5ia-45158,$7.29 ,$0.00 ,0,$0.00 ,$0.00 ,"995,821,600",0,0,0.00%,0.00%,$0.00 ,0.00%
5/27/2025,Amazon U.S._RMI_Good Employer and Pro SMB_H1'25_TTD_In-Article_300x250_1P OE AUDIENCE_Cross-Platform Venti Video,KRG-pja5-43673,$7.29 ,$1.00 ,"399,057","$2,911.58 ",$7.30 ,"995,821,600","1,345,103","1,352,450",0.14%,29.67%,$7.30 ,100.14%
5/27/2025,Amazon U.S._RMI_Good Employer and Pro SMB_H1'25_TTD_In-Article_300x250_1P OE INCREMENTAL AUDIENCE_Cross-Platform Venti Display,KRG-wcg9-45157,$6.29 ,$0.00 ,0,$0.00 ,$0.00 ,"995,821,600",0,0,0.00%,0.00%,$0.00 ,0.00%
5/27/2025,Amazon U.S._RMI_Good Employer and Pro SMB_H1'25_TTD_Instream Video_1P OE AUDIENCE_Cross-Platform Enhanced Pre-Roll,KRG-9qcd-43672,$17.00 ,$1.00 ,"183,764","$3,133.84 ",$17.05 ,"595,353,700","477,312","477,411",0.08%,38.50%,$17.04 ,100.24%
5/27/2025,Amazon U.S._RMI_Good Employer and Pro SMB_H1'25_TTD_ADHESION_1P OE INCREMENTAL AUDIENCE_Cross-Platform Runway,KRG-0hqh-45156,$7.00 ,$0.00 ,0,$0.00 ,$0.00 ,"309,656,600",0,0,0.00%,0.00%,$0.00 ,0.00%
5/27/2025,Amazon U.S._RMI_Good Employer and Pro SMB_H1'25_TTD_Instream Video_1P OE INCREMENTAL AUDIENCE_Cross-Platform Enhanced Pre-Roll,KRG-e5ws-45159,$17.00 ,$0.00 ,0,$0.00 ,$0.00 ,"595,353,700",0,0,0.00%,0.00%,$0.00 ,0.00%
5/27/2025,Amazon U.S._RMI_Good Employer and Pro SMB_H1'25_TTD_ADHESION_1P OE AUDIENCE_Cross-Platform Runway,KRG-rlf9-43675,$7.00 ,$1.00 ,"467,872","$3,279.71 ",$7.01 ,"309,656,600","1,575,896","1,584,741",0.51%,29.69%,$7.01 ,100.14%
5/27/2025,Amazon U.S._RMI_Good Employer and Pro SMB_H1'25_TTD_Instream Video_1P OE AUDIENCE_Cross-Platform STANDARD Pre-Roll,KRG-nyw4-44580,$15.00 ,$0.00 ,0,$0.00 ,$0.00 ,"595,353,700",0,0,0.00%,0.00%,$0.00 ,0.00%
5/27/2025,Amazon U.S._RMI_Good Employer and Pro SMB_H1'25_TTD_In-Article_300x250_1P OE AUDIENCE_Cross-Platform Venti Display,KRG-x8c8-43674,$6.29 ,$1.00 ,"299,228","$1,894.37 ",$6.33 ,"995,821,600","1,235,354","1,244,744",0.12%,24.22%,$6.37 ,101.27%
5/27/2025,Amazon U.S._RMI_Good Employer and Pro SMB_H1'25_TTD_Enhanced CTV,KRG-0gx7-44475,$26.50 ,$0.00 ,0,$0.00 ,$0.00 ,"6,365,580,700",0,0,0.00%,0.00%,$0.00 ,0.00%
5/28/2025,Amazon U.S._RMI_Good Employer and Pro SMB_H1'25_TTD_Instream Video_1P OE AUDIENCE_Cross-Platform Enhanced Pre-Roll,KRG-9qcd-43672,$17.00 ,$1.00 ,"324,520","$5,532.06 ",$17.05 ,"583,380,600","1,400,922","1,401,017",0.24%,23.16%,$17.02 ,100.12%
5/28/2025,Amazon U.S._RMI_Good Employer and Pro SMB_H1'25_TTD_In-Article_300x250_1P OE AUDIENCE_Cross-Platform Venti Display,KRG-x8c8-43674,$6.29 ,$1.00 ,"337,425","$2,129.85 ",$6.31 ,"935,673,700","1,445,641","1,457,330",0.15%,23.34%,$6.33 ,100.64%
5/28/2025,Amazon U.S._RMI_Good Employer and Pro SMB_H1'25_TTD_Instream Video_1P OE INCREMENTAL AUDIENCE_Cross-Platform Enhanced Pre-Roll,KRG-e5ws-45159,$17.00 ,$0.00 ,0,$0.00 ,$0.00 ,"583,380,600",0,0,0.00%,0.00%,$0.00 ,0.00%
5/28/2025,Amazon U.S._RMI_Good Employer and Pro SMB_H1'25_TTD_In-Article_300x250_1P OE INCREMENTAL AUDIENCE_Cross-Platform Venti Display,KRG-wcg9-45157,$6.29 ,$0.00 ,0,$0.00 ,$0.00 ,"935,673,700",0,0,0.00%,0.00%,$0.00 ,0.00%
5/28/2025,Amazon U.S._RMI_Good Employer and Pro SMB_H1'25_TTD_ADHESION_1P OE AUDIENCE_Cross-Platform Runway,KRG-rlf9-43675,$7.00 ,$1.00 ,"418,843","$2,941.76 ",$7.02 ,"303,057,700","1,552,809","1,558,927",0.51%,26.97%,$7.01 ,100.14%
5/28/2025,Amazon U.S._RMI_Good Employer and Pro SMB_H1'25_TTD_Enhanced CTV,KRG-0gx7-44475,$26.50 ,$0.00 ,0,$0.00 ,$0.00 ,"6,262,480,100",0,0,0.00%,0.00%,$0.00 ,0.00%
5/28/2025,Amazon U.S._RMI_Good Employer and Pro SMB_H1'25_TTD_In-Article_300x250_1P OE AUDIENCE_Cross-Platform Venti Video,KRG-pja5-43673,$7.29 ,$1.00 ,"412,258","$3,012.90 ",$7.31 ,"935,673,700","1,459,970","1,467,971",0.16%,28.24%,$7.30 ,100.14%
5/28/2025,Amazon U.S._RMI_Good Employer and Pro SMB_H1'25_TTD_ADHESION_1P OE INCREMENTAL AUDIENCE_Cross-Platform Runway,KRG-0hqh-45156,$7.00 ,$0.00 ,0,$0.00 ,$0.00 ,"303,057,700",0,0,0.00%,0.00%,$0.00 ,0.00%
5/28/2025,Amazon U.S._RMI_Good Employer and Pro SMB_H1'25_TTD_Instream Video_1P OE AUDIENCE_Cross-Platform STANDARD Pre-Roll,KRG-nyw4-44580,$15.00 ,$0.00 ,0,$0.00 ,$0.00 ,"583,380,600",0,0,0.00%,0.00%,$0.00 ,0.00%
5/28/2025,Amazon U.S._RMI_Good Employer and Pro SMB_H1'25_TTD_In-Article_300x250_1P OE INCREMENTAL AUDIENCE_Cross-Platform Venti Video,KRG-l5ia-45158,$7.29 ,$0.00 ,0,$0.00 ,$0.00 ,"935,673,700",0,0,0.00%,0.00%,$0.00 ,0.00%
5/29/2025,Amazon U.S._RMI_Good Employer and Pro SMB_H1'25_TTD_In-Article_300x250_1P OE INCREMENTAL AUDIENCE_Cross-Platform Venti Video,KRG-l5ia-45158,$7.29 ,$0.00 ,0,$0.00 ,$0.00 ,"899,560,800",0,0,0.00%,0.00%,$0.00 ,0.00%
5/29/2025,Amazon U.S._RMI_Good Employer and Pro SMB_H1'25_TTD_Instream Video_1P OE AUDIENCE_Cross-Platform Enhanced Pre-Roll,KRG-9qcd-43672,$17.00 ,$1.00 ,"439,466","$7,474.43 ",$17.01 ,"569,120,100","2,244,642","2,244,708",0.39%,19.58%,$17.00 ,100.00%
5/29/2025,Amazon U.S._RMI_Good Employer and Pro SMB_H1'25_TTD_Instream Video_1P OE AUDIENCE_Cross-Platform STANDARD Pre-Roll,KRG-nyw4-44580,$15.00 ,$0.00 ,0,$0.00 ,$0.00 ,"569,120,100",0,0,0.00%,0.00%,$0.00 ,0.00%
5/29/2025,Amazon U.S._RMI_Good Employer and Pro SMB_H1'25_TTD_Instream Video_1P OE INCREMENTAL AUDIENCE_Cross-Platform Enhanced Pre-Roll,KRG-e5ws-45159,$17.00 ,$0.00 ,0,$0.00 ,$0.00 ,"569,120,100",0,0,0.00%,0.00%,$0.00 ,0.00%
5/29/2025,Amazon U.S._RMI_Good Employer and Pro SMB_H1'25_TTD_Enhanced CTV,KRG-0gx7-44475,$26.50 ,$0.00 ,0,$0.00 ,$0.00 ,"6,241,315,400",0,0,0.00%,0.00%,$0.00 ,0.00%
5/29/2025,Amazon U.S._RMI_Good Employer and Pro SMB_H1'25_TTD_In-Article_300x250_1P OE AUDIENCE_Cross-Platform Venti Video,KRG-pja5-43673,$7.29 ,$1.00 ,"424,915","$3,101.99 ",$7.30 ,"899,560,800","1,443,697","1,467,164",0.16%,29.43%,$7.27 ,99.73%
5/29/2025,Amazon U.S._RMI_Good Employer and Pro SMB_H1'25_TTD_ADHESION_1P OE AUDIENCE_Cross-Platform Runway,KRG-rlf9-43675,$7.00 ,$1.00 ,"430,343","$3,017.24 ",$7.01 ,"308,184,900","1,622,429","1,628,742",0.53%,26.52%,$7.01 ,100.14%
5/29/2025,Amazon U.S._RMI_Good Employer and Pro SMB_H1'25_TTD_In-Article_300x250_1P OE AUDIENCE_Cross-Platform Venti Display,KRG-x8c8-43674,$6.29 ,$1.00 ,"304,875","$1,923.63 ",$6.31 ,"899,560,800","1,301,838","1,310,991",0.14%,23.42%,$6.33 ,100.64%
5/29/2025,Amazon U.S._RMI_Good Employer and Pro SMB_H1'25_TTD_In-Article_300x250_1P OE INCREMENTAL AUDIENCE_Cross-Platform Venti Display,KRG-wcg9-45157,$6.29 ,$0.00 ,0,$0.00 ,$0.00 ,"899,560,800",0,0,0.00%,0.00%,$0.00 ,0.00%
5/29/2025,Amazon U.S._RMI_Good Employer and Pro SMB_H1'25_TTD_ADHESION_1P OE INCREMENTAL AUDIENCE_Cross-Platform Runway,KRG-0hqh-45156,$7.00 ,$0.00 ,0,$0.00 ,$0.00 ,"308,184,900",0,0,0.00%,0.00%,$0.00 ,0.00%
5/30/2025,Amazon U.S._RMI_Good Employer and Pro SMB_H1'25_TTD_Instream Video_1P OE AUDIENCE_Cross-Platform STANDARD Pre-Roll,KRG-nyw4-44580,$15.00 ,$0.00 ,0,$0.00 ,$0.00 ,"544,295,700",0,0,0.00%,0.00%,$0.00 ,0.00%
5/30/2025,Amazon U.S._RMI_Good Employer and Pro SMB_H1'25_TTD_In-Article_300x250_1P OE AUDIENCE_Cross-Platform Venti Display,KRG-x8c8-43674,$6.29 ,$1.00 ,"211,228","$1,339.63 ",$6.34 ,"840,440,500","943,975","950,428",0.11%,22.38%,$6.33 ,100.64%
5/30/2025,Amazon U.S._RMI_Good Employer and Pro SMB_H1'25_TTD_Instream Video_1P OE AUDIENCE_Cross-Platform Enhanced Pre-Roll,KRG-9qcd-43672,$17.00 ,$1.00 ,"468,657","$7,979.22 ",$17.03 ,"544,295,700","2,135,249","2,135,388",0.39%,21.95%,$17.01 ,100.06%
5/30/2025,Amazon U.S._RMI_Good Employer and Pro SMB_H1'25_TTD_Instream Video_1P OE INCREMENTAL AUDIENCE_Cross-Platform Enhanced Pre-Roll,KRG-e5ws-45159,$17.00 ,$0.00 ,0,$0.00 ,$0.00 ,"544,295,700",0,0,0.00%,0.00%,$0.00 ,0.00%
5/30/2025,Amazon U.S._RMI_Good Employer and Pro SMB_H1'25_TTD_Enhanced CTV,KRG-0gx7-44475,$26.50 ,$0.00 ,0,$0.00 ,$0.00 ,"6,328,732,900",0,0,0.00%,0.00%,$0.00 ,0.00%
5/30/2025,Amazon U.S._RMI_Good Employer and Pro SMB_H1'25_TTD_ADHESION_1P OE AUDIENCE_Cross-Platform Runway,KRG-rlf9-43675,$7.00 ,$1.00 ,"360,634","$2,539.09 ",$7.04 ,"284,363,200","1,247,788","1,252,954",0.44%,28.90%,$7.02 ,100.29%
5/30/2025,Amazon U.S._RMI_Good Employer and Pro SMB_H1'25_TTD_ADHESION_1P OE INCREMENTAL AUDIENCE_Cross-Platform Runway,KRG-0hqh-45156,$7.00 ,$0.00 ,0,$0.00 ,$0.00 ,"284,363,200",0,0,0.00%,0.00%,$0.00 ,0.00%
5/30/2025,Amazon U.S._RMI_Good Employer and Pro SMB_H1'25_TTD_In-Article_300x250_1P OE AUDIENCE_Cross-Platform Venti Video,KRG-pja5-43673,$7.29 ,$1.00 ,"564,314","$4,139.03 ",$7.33 ,"840,440,500","2,108,313","2,133,683",0.25%,26.77%,$7.30 ,100.14%
5/30/2025,Amazon U.S._RMI_Good Employer and Pro SMB_H1'25_TTD_In-Article_300x250_1P OE INCREMENTAL AUDIENCE_Cross-Platform Venti Video,KRG-l5ia-45158,$7.29 ,$0.00 ,0,$0.00 ,$0.00 ,"840,440,500",0,0,0.00%,0.00%,$0.00 ,0.00%
5/30/2025,Amazon U.S._RMI_Good Employer and Pro SMB_H1'25_TTD_In-Article_300x250_1P OE INCREMENTAL AUDIENCE_Cross-Platform Venti Display,KRG-wcg9-45157,$6.29 ,$0.00 ,0,$0.00 ,$0.00 ,"840,440,500",0,0,0.00%,0.00%,$0.00 ,0.00%
5/31/2025,Amazon U.S._RMI_Good Employer and Pro SMB_H1'25_TTD_Instream Video_1P OE AUDIENCE_Cross-Platform STANDARD Pre-Roll,KRG-nyw4-44580,$15.00 ,$0.00 ,0,$0.00 ,$0.00 ,"577,457,600",0,0,0.00%,0.00%,$0.00 ,0.00%
5/31/2025,Amazon U.S._RMI_Good Employer and Pro SMB_H1'25_TTD_Enhanced CTV,KRG-0gx7-44475,$26.50 ,$0.00 ,0,$0.00 ,$0.00 ,"6,644,421,800",0,0,0.00%,0.00%,$0.00 ,0.00%
5/31/2025,Amazon U.S._RMI_Good Employer and Pro SMB_H1'25_TTD_In-Article_300x250_1P OE INCREMENTAL AUDIENCE_Cross-Platform Venti Display,KRG-wcg9-45157,$6.29 ,$0.00 ,0,$0.00 ,$0.00 ,"810,612,500",0,0,0.00%,0.00%,$0.00 ,0.00%
5/31/2025,Amazon U.S._RMI_Good Employer and Pro SMB_H1'25_TTD_ADHESION_1P OE AUDIENCE_Cross-Platform Runway,KRG-rlf9-43675,$7.00 ,$1.00 ,"399,889","$2,806.56 ",$7.02 ,"297,098,300","1,193,964","1,201,740",0.40%,33.49%,$7.01 ,100.14%
5/31/2025,Amazon U.S._RMI_Good Employer and Pro SMB_H1'25_TTD_In-Article_300x250_1P OE AUDIENCE_Cross-Platform Venti Display,KRG-x8c8-43674,$6.29 ,$1.00 ,"158,602","$1,006.59 ",$6.35 ,"810,612,500","698,466","704,434",0.09%,22.71%,$6.37 ,101.27%
5/31/2025,Amazon U.S._RMI_Good Employer and Pro SMB_H1'25_TTD_Instream Video_1P OE INCREMENTAL AUDIENCE_Cross-Platform Enhanced Pre-Roll,KRG-e5ws-45159,$17.00 ,$0.00 ,0,$0.00 ,$0.00 ,"577,457,600",0,0,0.00%,0.00%,$0.00 ,0.00%
5/31/2025,Amazon U.S._RMI_Good Employer and Pro SMB_H1'25_TTD_In-Article_300x250_1P OE INCREMENTAL AUDIENCE_Cross-Platform Venti Video,KRG-l5ia-45158,$7.29 ,$0.00 ,0,$0.00 ,$0.00 ,"810,612,500",0,0,0.00%,0.00%,$0.00 ,0.00%
5/31/2025,Amazon U.S._RMI_Good Employer and Pro SMB_H1'25_TTD_ADHESION_1P OE INCREMENTAL AUDIENCE_Cross-Platform Runway,KRG-0hqh-45156,$7.00 ,$0.00 ,0,$0.00 ,$0.00 ,"297,098,300",0,0,0.00%,0.00%,$0.00 ,0.00%
5/31/2025,Amazon U.S._RMI_Good Employer and Pro SMB_H1'25_TTD_In-Article_300x250_1P OE AUDIENCE_Cross-Platform Venti Video,KRG-pja5-43673,$7.29 ,$1.00 ,"564,123","$4,120.94 ",$7.31 ,"810,612,500","2,044,552","2,099,745",0.25%,27.59%,$7.25 ,99.45%
5/31/2025,Amazon U.S._RMI_Good Employer and Pro SMB_H1'25_TTD_Instream Video_1P OE AUDIENCE_Cross-Platform Enhanced Pre-Roll,KRG-9qcd-43672,$17.00 ,$1.00 ,"437,229","$7,438.03 ",$17.01 ,"577,457,600","2,011,598","2,011,724",0.35%,21.74%,$17.01 ,100.06%
6/1/2025,Amazon U.S._RMI_Good Employer and Pro SMB_H1'25_TTD_In-Article_300x250_1P OE INCREMENTAL AUDIENCE_Cross-Platform Venti Display,KRG-wcg9-45157,$6.29 ,$0.00 ,0,$0.00 ,$0.00 ,"892,985,200",0,0,0.00%,0.00%,$0.00 ,0.00%
6/1/2025,Amazon U.S._RMI_Good Employer and Pro SMB_H1'25_TTD_Enhanced CTV,KRG-0gx7-44475,$26.50 ,$0.00 ,0,$0.00 ,$0.00 ,"6,771,276,900",0,0,0.00%,0.00%,$0.00 ,0.00%
6/1/2025,Amazon U.S._RMI_Good Employer and Pro SMB_H1'25_TTD_Instream Video_1P OE INCREMENTAL AUDIENCE_Cross-Platform Enhanced Pre-Roll,KRG-e5ws-45159,$17.00 ,$0.00 ,0,$0.00 ,$0.00 ,"643,345,600",0,0,0.00%,0.00%,$0.00 ,0.00%
6/1/2025,Amazon U.S._RMI_Good Employer and Pro SMB_H1'25_TTD_In-Article_300x250_1P OE AUDIENCE_Cross-Platform Venti Video,KRG-pja5-43673,$7.29 ,$1.00 ,"568,170","$4,153.46 ",$7.31 ,"892,985,200","2,064,509","2,151,051",0.23%,27.52%,$7.23 ,99.18%
6/1/2025,Amazon U.S._RMI_Good Employer and Pro SMB_H1'25_TTD_In-Article_300x250_1P OE AUDIENCE_Cross-Platform Venti Display,KRG-x8c8-43674,$6.29 ,$1.00 ,"122,983",$786.57 ,$6.40 ,"892,985,200","540,456","546,755",0.06%,22.76%,$6.49 ,103.18%
6/1/2025,Amazon U.S._RMI_Good Employer and Pro SMB_H1'25_TTD_In-Article_300x250_1P OE INCREMENTAL AUDIENCE_Cross-Platform Venti Video,KRG-l5ia-45158,$7.29 ,$0.00 ,0,$0.00 ,$0.00 ,"892,985,200",0,0,0.00%,0.00%,$0.00 ,0.00%
6/1/2025,Amazon U.S._RMI_Good Employer and Pro SMB_H1'25_TTD_Instream Video_1P OE AUDIENCE_Cross-Platform STANDARD Pre-Roll,KRG-nyw4-44580,$15.00 ,$0.00 ,0,$0.00 ,$0.00 ,"643,345,600",0,0,0.00%,0.00%,$0.00 ,0.00%
6/1/2025,Amazon U.S._RMI_Good Employer and Pro SMB_H1'25_TTD_Instream Video_1P OE AUDIENCE_Cross-Platform Enhanced Pre-Roll,KRG-9qcd-43672,$17.00 ,$1.00 ,"468,797","$7,976.03 ",$17.01 ,"643,345,600","2,454,632","2,454,928",0.38%,19.10%,$17.01 ,100.06%
6/1/2025,Amazon U.S._RMI_Good Employer and Pro SMB_H1'25_TTD_ADHESION_1P OE INCREMENTAL AUDIENCE_Cross-Platform Runway,KRG-0hqh-45156,$7.00 ,$0.00 ,0,$0.00 ,$0.00 ,"330,003,500",0,0,0.00%,0.00%,$0.00 ,0.00%
6/1/2025,Amazon U.S._RMI_Good Employer and Pro SMB_H1'25_TTD_ADHESION_1P OE AUDIENCE_Cross-Platform Runway,KRG-rlf9-43675,$7.00 ,$1.00 ,"421,392","$2,960.93 ",$7.03 ,"330,003,500","1,363,485","1,380,041",0.41%,30.91%,$7.03 ,100.43%
6/2/2025,Amazon U.S._RMI_Good Employer and Pro SMB_H1'25_TTD_ADHESION_1P OE AUDIENCE_Cross-Platform Runway,KRG-rlf9-43675,$7.00 ,$1.00 ,"139,287",$982.88 ,$7.06 ,"311,474,900","357,584","363,669",0.11%,38.95%,$7.13 ,101.86%
6/2/2025,Amazon U.S._RMI_Good Employer and Pro SMB_H1'25_TTD_Instream Video_1P OE INCREMENTAL AUDIENCE_Cross-Platform Enhanced Pre-Roll,KRG-e5ws-45159,$17.00 ,$0.00 ,0,$0.00 ,$0.00 ,"607,137,400",0,0,0.00%,0.00%,$0.00 ,0.00%
6/2/2025,Amazon U.S._RMI_Good Employer and Pro SMB_H1'25_TTD_Instream Video_1P OE AUDIENCE_Cross-Platform STANDARD Pre-Roll,KRG-nyw4-44580,$15.00 ,$0.00 ,0,$0.00 ,$0.00 ,"607,137,400",0,0,0.00%,0.00%,$0.00 ,0.00%
6/2/2025,Amazon U.S._RMI_Good Employer and Pro SMB_H1'25_TTD_Enhanced CTV,KRG-0gx7-44475,$26.50 ,$0.00 ,0,$0.00 ,$0.00 ,"6,518,283,400",0,0,0.00%,0.00%,$0.00 ,0.00%
6/2/2025,Amazon U.S._RMI_Good Employer and Pro SMB_H1'25_TTD_Instream Video_1P OE AUDIENCE_Cross-Platform Enhanced Pre-Roll,KRG-9qcd-43672,$17.00 ,$1.00 ,"222,991","$3,797.82 ",$17.03 ,"607,137,400","688,535","688,649",0.11%,32.39%,$17.02 ,100.12%
6/2/2025,Amazon U.S._RMI_Good Employer and Pro SMB_H1'25_TTD_In-Article_300x250_1P OE INCREMENTAL AUDIENCE_Cross-Platform Venti Display,KRG-wcg9-45157,$6.29 ,$0.00 ,0,$0.00 ,$0.00 ,"929,427,600",0,0,0.00%,0.00%,$0.00 ,0.00%
6/2/2025,Amazon U.S._RMI_Good Employer and Pro SMB_H1'25_TTD_ADHESION_1P OE INCREMENTAL AUDIENCE_Cross-Platform Runway,KRG-0hqh-45156,$7.00 ,$0.00 ,0,$0.00 ,$0.00 ,"311,474,900",0,0,0.00%,0.00%,$0.00 ,0.00%
6/2/2025,Amazon U.S._RMI_Good Employer and Pro SMB_H1'25_TTD_In-Article_300x250_1P OE INCREMENTAL AUDIENCE_Cross-Platform Venti Video,KRG-l5ia-45158,$7.29 ,$0.00 ,0,$0.00 ,$0.00 ,"929,427,600",0,0,0.00%,0.00%,$0.00 ,0.00%
6/2/2025,Amazon U.S._RMI_Good Employer and Pro SMB_H1'25_TTD_In-Article_300x250_1P OE AUDIENCE_Cross-Platform Venti Video,KRG-pja5-43673,$7.29 ,$1.00 ,"209,861","$1,539.04 ",$7.33 ,"929,427,600","509,774","524,985",0.05%,41.17%,$7.33 ,100.55%
6/2/2025,Amazon U.S._RMI_Good Employer and Pro SMB_H1'25_TTD_In-Article_300x250_1P OE AUDIENCE_Cross-Platform Venti Display,KRG-x8c8-43674,$6.29 ,$1.00 ,"197,069","$1,274.43 ",$6.47 ,"929,427,600","760,482","774,820",0.08%,25.91%,$6.61 ,105.09%
6/3/2025,Amazon U.S._RMI_Good Employer and Pro SMB_H1'25_TTD_Instream Video_1P OE AUDIENCE_Cross-Platform Enhanced Pre-Roll,KRG-9qcd-43672,$17.00 ,$1.00 ,"242,864","$4,168.50 ",$17.16 ,"592,122,800","657,375","657,471",0.11%,36.94%,$17.11 ,100.65%
6/3/2025,Amazon U.S._RMI_Good Employer and Pro SMB_H1'25_TTD_In-Article_300x250_1P OE AUDIENCE_Cross-Platform Venti Display,KRG-x8c8-43674,$6.29 ,$1.00 ,"402,340","$2,596.74 ",$6.45 ,"886,042,800","1,615,884","1,634,411",0.18%,24.90%,$6.49 ,103.18%
6/3/2025,Amazon U.S._RMI_Good Employer and Pro SMB_H1'25_TTD_In-Article_300x250_1P OE INCREMENTAL AUDIENCE_Cross-Platform Venti Display,KRG-wcg9-45157,$6.29 ,$0.00 ,0,$0.00 ,$0.00 ,"886,042,800",0,0,0.00%,0.00%,$0.00 ,0.00%
6/3/2025,Amazon U.S._RMI_Good Employer and Pro SMB_H1'25_TTD_Instream Video_1P OE INCREMENTAL AUDIENCE_Cross-Platform Enhanced Pre-Roll,KRG-e5ws-45159,$17.00 ,$0.00 ,0,$0.00 ,$0.00 ,"592,122,800",0,0,0.00%,0.00%,$0.00 ,0.00%
6/3/2025,Amazon U.S._RMI_Good Employer and Pro SMB_H1'25_TTD_In-Article_300x250_1P OE INCREMENTAL AUDIENCE_Cross-Platform Venti Video,KRG-l5ia-45158,$7.29 ,$0.00 ,0,$0.00 ,$0.00 ,"886,042,800",0,0,0.00%,0.00%,$0.00 ,0.00%
6/3/2025,Amazon U.S._RMI_Good Employer and Pro SMB_H1'25_TTD_Instream Video_1P OE AUDIENCE_Cross-Platform STANDARD Pre-Roll,KRG-nyw4-44580,$15.00 ,$0.00 ,0,$0.00 ,$0.00 ,"592,122,800",0,0,0.00%,0.00%,$0.00 ,0.00%
6/3/2025,Amazon U.S._RMI_Good Employer and Pro SMB_H1'25_TTD_ADHESION_1P OE INCREMENTAL AUDIENCE_Cross-Platform Runway,KRG-0hqh-45156,$7.00 ,$0.00 ,0,$0.00 ,$0.00 ,"294,591,900",0,0,0.00%,0.00%,$0.00 ,0.00%
6/3/2025,Amazon U.S._RMI_Good Employer and Pro SMB_H1'25_TTD_ADHESION_1P OE AUDIENCE_Cross-Platform Runway,KRG-rlf9-43675,$7.00 ,$1.00 ,"270,874","$1,925.79 ",$7.11 ,"294,591,900","743,163","752,579",0.25%,36.45%,$7.08 ,101.14%
6/3/2025,Amazon U.S._RMI_Good Employer and Pro SMB_H1'25_TTD_In-Article_300x250_1P OE AUDIENCE_Cross-Platform Venti Video,KRG-pja5-43673,$7.29 ,$1.00 ,"378,431","$2,802.02 ",$7.40 ,"886,042,800","1,100,264","1,109,140",0.12%,34.39%,$7.38 ,101.23%
6/3/2025,Amazon U.S._RMI_Good Employer and Pro SMB_H1'25_TTD_Enhanced CTV,KRG-0gx7-44475,$26.50 ,$0.00 ,0,$0.00 ,$0.00 ,"6,595,347,700",0,0,0.00%,0.00%,$0.00 ,0.00%
6/4/2025,Amazon U.S._RMI_Good Employer and Pro SMB_H1'25_TTD_Instream Video_1P OE AUDIENCE_Cross-Platform Enhanced Pre-Roll,KRG-9qcd-43672,$17.00 ,$1.00 ,"474,313","$8,073.43 ",$17.02 ,"588,495,300","2,314,246","2,314,420",0.39%,20.50%,$17.01 ,100.06%
6/4/2025,Amazon U.S._RMI_Good Employer and Pro SMB_H1'25_TTD_Instream Video_1P OE INCREMENTAL AUDIENCE_Cross-Platform Enhanced Pre-Roll,KRG-e5ws-45159,$17.00 ,$0.00 ,0,$0.00 ,$0.00 ,"588,495,300",0,0,0.00%,0.00%,$0.00 ,0.00%
6/4/2025,Amazon U.S._RMI_Good Employer and Pro SMB_H1'25_TTD_ADHESION_1P OE AUDIENCE_Cross-Platform Runway,KRG-rlf9-43675,$7.00 ,$1.00 ,"374,346","$2,626.23 ",$7.02 ,"306,162,600","1,295,129","1,318,407",0.42%,28.90%,$7.01 ,100.14%
6/4/2025,Amazon U.S._RMI_Good Employer and Pro SMB_H1'25_TTD_ADHESION_1P OE INCREMENTAL AUDIENCE_Cross-Platform Runway,KRG-0hqh-45156,$7.00 ,$0.00 ,0,$0.00 ,$0.00 ,"306,162,600",0,0,0.00%,0.00%,$0.00 ,0.00%
6/4/2025,Amazon U.S._RMI_Good Employer and Pro SMB_H1'25_TTD_In-Article_300x250_1P OE AUDIENCE_Cross-Platform Venti Video,KRG-pja5-43673,$7.29 ,$1.00 ,"521,140","$3,806.25 ",$7.30 ,"885,561,700","1,815,515","1,857,002",0.21%,28.70%,$7.26 ,99.59%
6/4/2025,Amazon U.S._RMI_Good Employer and Pro SMB_H1'25_TTD_Instream Video_1P OE AUDIENCE_Cross-Platform STANDARD Pre-Roll,KRG-nyw4-44580,$15.00 ,$0.00 ,0,$0.00 ,$0.00 ,"588,495,300",0,0,0.00%,0.00%,$0.00 ,0.00%
6/4/2025,Amazon U.S._RMI_Good Employer and Pro SMB_H1'25_TTD_In-Article_300x250_1P OE INCREMENTAL AUDIENCE_Cross-Platform Venti Display,KRG-wcg9-45157,$6.29 ,$0.00 ,0,$0.00 ,$0.00 ,"885,561,700",0,0,0.00%,0.00%,$0.00 ,0.00%
6/4/2025,Amazon U.S._RMI_Good Employer and Pro SMB_H1'25_TTD_Enhanced CTV,KRG-0gx7-44475,$26.50 ,$0.00 ,0,$0.00 ,$0.00 ,"6,072,036,200",0,0,0.00%,0.00%,$0.00 ,0.00%
6/4/2025,Amazon U.S._RMI_Good Employer and Pro SMB_H1'25_TTD_In-Article_300x250_1P OE AUDIENCE_Cross-Platform Venti Display,KRG-x8c8-43674,$6.29 ,$1.00 ,"242,519","$1,529.61 ",$6.31 ,"885,561,700","1,009,803","1,018,724",0.11%,24.02%,$6.32 ,100.48%
6/4/2025,Amazon U.S._RMI_Good Employer and Pro SMB_H1'25_TTD_In-Article_300x250_1P OE INCREMENTAL AUDIENCE_Cross-Platform Venti Video,KRG-l5ia-45158,$7.29 ,$0.00 ,0,$0.00 ,$0.00 ,"885,561,700",0,0,0.00%,0.00%,$0.00 ,0.00%
6/5/2025,Amazon U.S._RMI_Good Employer and Pro SMB_H1'25_TTD_Enhanced CTV,KRG-0gx7-44475,$26.50 ,$0.00 ,0,$0.00 ,$0.00 ,"5,859,166,000",0,0,0.00%,0.00%,$0.00 ,0.00%
6/5/2025,Amazon U.S._RMI_Good Employer and Pro SMB_H1'25_TTD_In-Article_300x250_1P OE INCREMENTAL AUDIENCE_Cross-Platform Venti Display,KRG-wcg9-45157,$6.29 ,$0.00 ,0,$0.00 ,$0.00 ,"886,427,500",0,0,0.00%,0.00%,$0.00 ,0.00%
6/5/2025,Amazon U.S._RMI_Good Employer and Pro SMB_H1'25_TTD_ADHESION_1P OE INCREMENTAL AUDIENCE_Cross-Platform Runway,KRG-0hqh-45156,$7.00 ,$0.00 ,0,$0.00 ,$0.00 ,"303,219,100",0,0,0.00%,0.00%,$0.00 ,0.00%
6/5/2025,Amazon U.S._RMI_Good Employer and Pro SMB_H1'25_TTD_Instream Video_1P OE AUDIENCE_Cross-Platform Enhanced Pre-Roll,KRG-9qcd-43672,$17.00 ,$1.00 ,"471,600","$8,032.85 ",$17.03 ,"580,224,600","2,559,853","2,560,036",0.44%,18.42%,$17.01 ,100.06%
6/5/2025,Amazon U.S._RMI_Good Employer and Pro SMB_H1'25_TTD_In-Article_300x250_1P OE INCREMENTAL AUDIENCE_Cross-Platform Venti Video,KRG-l5ia-45158,$7.29 ,$0.00 ,0,$0.00 ,$0.00 ,"886,427,500",0,0,0.00%,0.00%,$0.00 ,0.00%
6/5/2025,Amazon U.S._RMI_Good Employer and Pro SMB_H1'25_TTD_ADHESION_1P OE AUDIENCE_Cross-Platform Runway,KRG-rlf9-43675,$7.00 ,$1.00 ,"357,694","$2,516.46 ",$7.04 ,"303,219,100","1,192,223","1,209,372",0.39%,30.00%,$7.02 ,100.29%
6/5/2025,Amazon U.S._RMI_Good Employer and Pro SMB_H1'25_TTD_In-Article_300x250_1P OE AUDIENCE_Cross-Platform Venti Display,KRG-x8c8-43674,$6.29 ,$1.00 ,"126,698",$800.77 ,$6.32 ,"886,427,500","598,358","603,724",0.07%,21.17%,$6.33 ,100.64%
6/5/2025,Amazon U.S._RMI_Good Employer and Pro SMB_H1'25_TTD_Instream Video_1P OE INCREMENTAL AUDIENCE_Cross-Platform Enhanced Pre-Roll,KRG-e5ws-45159,$17.00 ,$0.00 ,0,$0.00 ,$0.00 ,"580,224,600",0,0,0.00%,0.00%,$0.00 ,0.00%
6/5/2025,Amazon U.S._RMI_Good Employer and Pro SMB_H1'25_TTD_In-Article_300x250_1P OE AUDIENCE_Cross-Platform Venti Video,KRG-pja5-43673,$7.29 ,$1.00 ,"630,137","$4,609.54 ",$7.32 ,"886,427,500","2,280,648","2,423,125",0.26%,27.63%,$7.13 ,97.81%
6/5/2025,Amazon U.S._RMI_Good Employer and Pro SMB_H1'25_TTD_Instream Video_1P OE AUDIENCE_Cross-Platform STANDARD Pre-Roll,KRG-nyw4-44580,$15.00 ,$0.00 ,0,$0.00 ,$0.00 ,"580,224,600",0,0,0.00%,0.00%,$0.00 ,0.00%
6/6/2025,Amazon U.S._RMI_Good Employer and Pro SMB_H1'25_TTD_Enhanced CTV,KRG-0gx7-44475,$26.50 ,$0.00 ,0,$0.00 ,$0.00 ,"5,835,541,800",0,0,0.00%,0.00%,$0.00 ,0.00%
6/6/2025,Amazon U.S._RMI_Good Employer and Pro SMB_H1'25_TTD_In-Article_300x250_1P OE AUDIENCE_Cross-Platform Venti Video,KRG-pja5-43673,$7.29 ,$1.00 ,"467,610","$3,412.92 ",$7.30 ,"852,420,600","1,647,303","1,701,909",0.19%,28.39%,$7.27 ,99.73%
6/6/2025,Amazon U.S._RMI_Good Employer and Pro SMB_H1'25_TTD_In-Article_300x250_1P OE INCREMENTAL AUDIENCE_Cross-Platform Venti Display,KRG-wcg9-45157,$6.29 ,$0.00 ,0,$0.00 ,$0.00 ,"852,420,600",0,0,0.00%,0.00%,$0.00 ,0.00%
6/6/2025,Amazon U.S._RMI_Good Employer and Pro SMB_H1'25_TTD_Instream Video_1P OE AUDIENCE_Cross-Platform Enhanced Pre-Roll,KRG-9qcd-43672,$17.00 ,$1.00 ,"470,534","$8,006.38 ",$17.02 ,"555,967,600","2,398,546","2,399,212",0.43%,19.62%,$17.01 ,100.06%
6/6/2025,Amazon U.S._RMI_Good Employer and Pro SMB_H1'25_TTD_ADHESION_1P OE INCREMENTAL AUDIENCE_Cross-Platform Runway,KRG-0hqh-45156,$7.00 ,$0.00 ,0,$0.00 ,$0.00 ,"290,046,100",0,0,0.00%,0.00%,$0.00 ,0.00%
6/6/2025,Amazon U.S._RMI_Good Employer and Pro SMB_H1'25_TTD_In-Article_300x250_1P OE AUDIENCE_Cross-Platform Venti Display,KRG-x8c8-43674,$6.29 ,$1.00 ,"370,554","$2,334.56 ",$6.30 ,"852,420,600","1,495,706","1,514,353",0.18%,24.77%,$6.30 ,100.16%
6/6/2025,Amazon U.S._RMI_Good Employer and Pro SMB_H1'25_TTD_Instream Video_1P OE INCREMENTAL AUDIENCE_Cross-Platform Enhanced Pre-Roll,KRG-e5ws-45159,$17.00 ,$0.00 ,0,$0.00 ,$0.00 ,"555,967,600",0,0,0.00%,0.00%,$0.00 ,0.00%
6/6/2025,Amazon U.S._RMI_Good Employer and Pro SMB_H1'25_TTD_In-Article_300x250_1P OE INCREMENTAL AUDIENCE_Cross-Platform Venti Video,KRG-l5ia-45158,$7.29 ,$0.00 ,0,$0.00 ,$0.00 ,"852,420,600",0,0,0.00%,0.00%,$0.00 ,0.00%
6/6/2025,Amazon U.S._RMI_Good Employer and Pro SMB_H1'25_TTD_Instream Video_1P OE AUDIENCE_Cross-Platform STANDARD Pre-Roll,KRG-nyw4-44580,$15.00 ,$0.00 ,0,$0.00 ,$0.00 ,"555,967,600",0,0,0.00%,0.00%,$0.00 ,0.00%
6/6/2025,Amazon U.S._RMI_Good Employer and Pro SMB_H1'25_TTD_ADHESION_1P OE AUDIENCE_Cross-Platform Runway,KRG-rlf9-43675,$7.00 ,$1.00 ,"310,910","$2,179.13 ",$7.01 ,"290,046,100","1,026,184","1,044,466",0.35%,30.30%,$7.00 ,100.00%
6/7/2025,Amazon U.S._RMI_Good Employer and Pro SMB_H1'25_TTD_ADHESION_1P OE INCREMENTAL AUDIENCE_Cross-Platform Runway,KRG-0hqh-45156,$7.00 ,$0.00 ,0,$0.00 ,$0.00 ,"302,382,600",0,0,0.00%,0.00%,$0.00 ,0.00%
6/7/2025,Amazon U.S._RMI_Good Employer and Pro SMB_H1'25_TTD_Enhanced CTV,KRG-0gx7-44475,$26.50 ,$0.00 ,0,$0.00 ,$0.00 ,"6,050,398,600",0,0,0.00%,0.00%,$0.00 ,0.00%
6/7/2025,Amazon U.S._RMI_Good Employer and Pro SMB_H1'25_TTD_Instream Video_1P OE INCREMENTAL AUDIENCE_Cross-Platform Enhanced Pre-Roll,KRG-e5ws-45159,$17.00 ,$0.00 ,0,$0.00 ,$0.00 ,"573,021,100",0,0,0.00%,0.00%,$0.00 ,0.00%
6/7/2025,Amazon U.S._RMI_Good Employer and Pro SMB_H1'25_TTD_Instream Video_1P OE AUDIENCE_Cross-Platform STANDARD Pre-Roll,KRG-nyw4-44580,$15.00 ,$0.00 ,0,$0.00 ,$0.00 ,"573,021,100",0,0,0.00%,0.00%,$0.00 ,0.00%
6/7/2025,Amazon U.S._RMI_Good Employer and Pro SMB_H1'25_TTD_In-Article_300x250_1P OE INCREMENTAL AUDIENCE_Cross-Platform Venti Video,KRG-l5ia-45158,$7.29 ,$0.00 ,0,$0.00 ,$0.00 ,"803,184,100",0,0,0.00%,0.00%,$0.00 ,0.00%
6/7/2025,Amazon U.S._RMI_Good Employer and Pro SMB_H1'25_TTD_ADHESION_1P OE AUDIENCE_Cross-Platform Runway,KRG-rlf9-43675,$7.00 ,$1.00 ,"322,396","$2,261.22 ",$7.01 ,"302,382,600","970,138","998,197",0.32%,33.23%,$6.96 ,99.43%
6/7/2025,Amazon U.S._RMI_Good Employer and Pro SMB_H1'25_TTD_Instream Video_1P OE AUDIENCE_Cross-Platform Enhanced Pre-Roll,KRG-9qcd-43672,$17.00 ,$1.00 ,"468,168","$7,966.25 ",$17.02 ,"573,021,100","3,050,606","3,050,823",0.53%,15.35%,$17.00 ,100.00%
6/7/2025,Amazon U.S._RMI_Good Employer and Pro SMB_H1'25_TTD_In-Article_300x250_1P OE AUDIENCE_Cross-Platform Venti Display,KRG-x8c8-43674,$6.29 ,$1.00 ,"153,317",$967.06 ,$6.31 ,"803,184,100","642,574","650,044",0.08%,23.86%,$6.32 ,100.48%
6/7/2025,Amazon U.S._RMI_Good Employer and Pro SMB_H1'25_TTD_In-Article_300x250_1P OE AUDIENCE_Cross-Platform Venti Video,KRG-pja5-43673,$7.29 ,$1.00 ,"628,612","$4,588.97 ",$7.30 ,"803,184,100","2,162,202","2,281,306",0.27%,29.07%,$7.10 ,97.39%
6/7/2025,Amazon U.S._RMI_Good Employer and Pro SMB_H1'25_TTD_In-Article_300x250_1P OE INCREMENTAL AUDIENCE_Cross-Platform Venti Display,KRG-wcg9-45157,$6.29 ,$0.00 ,0,$0.00 ,$0.00 ,"803,184,100",0,0,0.00%,0.00%,$0.00 ,0.00%
6/8/2025,Amazon U.S._RMI_Good Employer and Pro SMB_H1'25_TTD_ADHESION_1P OE INCREMENTAL AUDIENCE_Cross-Platform Runway,KRG-0hqh-45156,$7.00 ,$0.00 ,0,$0.00 ,$0.00 ,"333,691,700",0,0,0.00%,0.00%,$0.00 ,0.00%
6/8/2025,Amazon U.S._RMI_Good Employer and Pro SMB_H1'25_TTD_Enhanced CTV,KRG-0gx7-44475,$26.50 ,$0.00 ,0,$0.00 ,$0.00 ,"6,172,040,400",0,0,0.00%,0.00%,$0.00 ,0.00%
6/8/2025,Amazon U.S._RMI_Good Employer and Pro SMB_H1'25_TTD_In-Article_300x250_1P OE INCREMENTAL AUDIENCE_Cross-Platform Venti Video,KRG-l5ia-45158,$7.29 ,$0.00 ,0,$0.00 ,$0.00 ,"882,963,600",0,0,0.00%,0.00%,$0.00 ,0.00%
6/8/2025,Amazon U.S._RMI_Good Employer and Pro SMB_H1'25_TTD_In-Article_300x250_1P OE AUDIENCE_Cross-Platform Venti Display,KRG-x8c8-43674,$6.29 ,$1.00 ,"117,370",$742.49 ,$6.33 ,"882,963,600","476,153","480,056",0.05%,24.65%,$6.38 ,101.43%
6/8/2025,Amazon U.S._RMI_Good Employer and Pro SMB_H1'25_TTD_Instream Video_1P OE AUDIENCE_Cross-Platform Enhanced Pre-Roll,KRG-9qcd-43672,$17.00 ,$1.00 ,"466,566","$7,937.88 ",$17.01 ,"645,492,200","2,718,915","2,719,066",0.42%,17.16%,$17.00 ,100.00%
6/8/2025,Amazon U.S._RMI_Good Employer and Pro SMB_H1'25_TTD_In-Article_300x250_1P OE AUDIENCE_Cross-Platform Venti Video,KRG-pja5-43673,$7.29 ,$1.00 ,"639,395","$4,668.23 ",$7.30 ,"882,963,600","2,025,202","2,209,211",0.23%,31.57%,$6.88 ,94.38%
6/8/2025,Amazon U.S._RMI_Good Employer and Pro SMB_H1'25_TTD_In-Article_300x250_1P OE INCREMENTAL AUDIENCE_Cross-Platform Venti Display,KRG-wcg9-45157,$6.29 ,$0.00 ,0,$0.00 ,$0.00 ,"882,963,600",0,0,0.00%,0.00%,$0.00 ,0.00%
6/8/2025,Amazon U.S._RMI_Good Employer and Pro SMB_H1'25_TTD_Instream Video_1P OE INCREMENTAL AUDIENCE_Cross-Platform Enhanced Pre-Roll,KRG-e5ws-45159,$17.00 ,$0.00 ,0,$0.00 ,$0.00 ,"645,492,200",0,0,0.00%,0.00%,$0.00 ,0.00%
6/8/2025,Amazon U.S._RMI_Good Employer and Pro SMB_H1'25_TTD_Instream Video_1P OE AUDIENCE_Cross-Platform STANDARD Pre-Roll,KRG-nyw4-44580,$15.00 ,$0.00 ,0,$0.00 ,$0.00 ,"645,492,200",0,0,0.00%,0.00%,$0.00 ,0.00%
6/8/2025,Amazon U.S._RMI_Good Employer and Pro SMB_H1'25_TTD_ADHESION_1P OE AUDIENCE_Cross-Platform Runway,KRG-rlf9-43675,$7.00 ,$1.00 ,"339,199","$2,380.03 ",$7.02 ,"333,691,700","895,052","936,352",0.27%,37.90%,$6.90 ,98.57%
6/9/2025,Amazon U.S._RMI_Good Employer and Pro SMB_H1'25_TTD_Enhanced CTV,KRG-0gx7-44475,$26.50 ,$0.00 ,0,$0.00 ,$0.00 ,"5,925,354,700",0,0,0.00%,0.00%,$0.00 ,0.00%
6/9/2025,Amazon U.S._RMI_Good Employer and Pro SMB_H1'25_TTD_In-Article_300x250_1P OE AUDIENCE_Cross-Platform Venti Video,KRG-pja5-43673,$7.29 ,$1.00 ,"656,257","$4,790.46 ",$7.30 ,"941,523,400","2,053,711","2,255,688",0.22%,31.95%,$6.85 ,93.96%
6/9/2025,Amazon U.S._RMI_Good Employer and Pro SMB_H1'25_TTD_Instream Video_1P OE AUDIENCE_Cross-Platform STANDARD Pre-Roll,KRG-nyw4-44580,$15.00 ,$0.00 ,0,$0.00 ,$0.00 ,"623,975,900",0,0,0.00%,0.00%,$0.00 ,0.00%
6/9/2025,Amazon U.S._RMI_Good Employer and Pro SMB_H1'25_TTD_Instream Video_1P OE AUDIENCE_Cross-Platform Enhanced Pre-Roll,KRG-9qcd-43672,$17.00 ,$1.00 ,"462,300","$7,866.63 ",$17.02 ,"623,975,900","2,764,669","2,765,087",0.44%,16.72%,$17.00 ,100.00%
6/9/2025,Amazon U.S._RMI_Good Employer and Pro SMB_H1'25_TTD_ADHESION_1P OE INCREMENTAL AUDIENCE_Cross-Platform Runway,KRG-0hqh-45156,$7.00 ,$0.00 ,0,$0.00 ,$0.00 ,"316,389,700",0,0,0.00%,0.00%,$0.00 ,0.00%
6/9/2025,Amazon U.S._RMI_Good Employer and Pro SMB_H1'25_TTD_ADHESION_1P OE AUDIENCE_Cross-Platform Runway,KRG-rlf9-43675,$7.00 ,$1.00 ,"315,611","$2,213.01 ",$7.01 ,"316,389,700","886,832","925,449",0.28%,35.59%,$6.91 ,98.71%
6/9/2025,Amazon U.S._RMI_Good Employer and Pro SMB_H1'25_TTD_In-Article_300x250_1P OE INCREMENTAL AUDIENCE_Cross-Platform Venti Video,KRG-l5ia-45158,$7.29 ,$0.00 ,0,$0.00 ,$0.00 ,"941,523,400",0,0,0.00%,0.00%,$0.00 ,0.00%
6/9/2025,Amazon U.S._RMI_Good Employer and Pro SMB_H1'25_TTD_In-Article_300x250_1P OE AUDIENCE_Cross-Platform Venti Display,KRG-x8c8-43674,$6.29 ,$1.00 ,"116,798",$738.12 ,$6.32 ,"941,523,400","469,281","472,814",0.05%,24.89%,$6.36 ,101.11%
6/9/2025,Amazon U.S._RMI_Good Employer and Pro SMB_H1'25_TTD_Instream Video_1P OE INCREMENTAL AUDIENCE_Cross-Platform Enhanced Pre-Roll,KRG-e5ws-45159,$17.00 ,$0.00 ,0,$0.00 ,$0.00 ,"623,975,900",0,0,0.00%,0.00%,$0.00 ,0.00%
6/9/2025,Amazon U.S._RMI_Good Employer and Pro SMB_H1'25_TTD_In-Article_300x250_1P OE INCREMENTAL AUDIENCE_Cross-Platform Venti Display,KRG-wcg9-45157,$6.29 ,$0.00 ,0,$0.00 ,$0.00 ,"941,523,400",0,0,0.00%,0.00%,$0.00 ,0.00%
6/10/2025,Amazon U.S._RMI_Good Employer and Pro SMB_H1'25_TTD_In-Article_300x250_1P OE INCREMENTAL AUDIENCE_Cross-Platform Venti Display,KRG-wcg9-45157,$6.29 ,$0.00 ,0,$0.00 ,$0.00 ,"893,797,000",0,0,0.00%,0.00%,$0.00 ,0.00%
6/10/2025,Amazon U.S._RMI_Good Employer and Pro SMB_H1'25_TTD_Instream Video_1P OE AUDIENCE_Cross-Platform Enhanced Pre-Roll,KRG-9qcd-43672,$17.00 ,$1.00 ,"461,251","$7,853.66 ",$17.03 ,"595,188,400","2,661,502","2,661,984",0.45%,17.33%,$17.01 ,100.06%
6/10/2025,Amazon U.S._RMI_Good Employer and Pro SMB_H1'25_TTD_ADHESION_1P OE AUDIENCE_Cross-Platform Runway,KRG-rlf9-43675,$7.00 ,$1.00 ,"342,067","$2,397.91 ",$7.01 ,"301,589,700","1,099,838","1,117,410",0.36%,31.10%,$7.01 ,100.14%
6/10/2025,Amazon U.S._RMI_Good Employer and Pro SMB_H1'25_TTD_Instream Video_1P OE INCREMENTAL AUDIENCE_Cross-Platform Enhanced Pre-Roll,KRG-e5ws-45159,$17.00 ,$0.00 ,0,$0.00 ,$0.00 ,"595,188,400",0,0,0.00%,0.00%,$0.00 ,0.00%
6/10/2025,Amazon U.S._RMI_Good Employer and Pro SMB_H1'25_TTD_In-Article_300x250_1P OE INCREMENTAL AUDIENCE_Cross-Platform Venti Video,KRG-l5ia-45158,$7.29 ,$0.00 ,0,$0.00 ,$0.00 ,"893,797,000",0,0,0.00%,0.00%,$0.00 ,0.00%
6/10/2025,Amazon U.S._RMI_Good Employer and Pro SMB_H1'25_TTD_Enhanced CTV,KRG-0gx7-44475,$26.50 ,$0.00 ,0,$0.00 ,$0.00 ,"5,767,206,200",0,0,0.00%,0.00%,$0.00 ,0.00%
6/10/2025,Amazon U.S._RMI_Good Employer and Pro SMB_H1'25_TTD_ADHESION_1P OE INCREMENTAL AUDIENCE_Cross-Platform Runway,KRG-0hqh-45156,$7.00 ,$0.00 ,0,$0.00 ,$0.00 ,"301,589,700",0,0,0.00%,0.00%,$0.00 ,0.00%
6/10/2025,Amazon U.S._RMI_Good Employer and Pro SMB_H1'25_TTD_In-Article_300x250_1P OE AUDIENCE_Cross-Platform Venti Video,KRG-pja5-43673,$7.29 ,$1.00 ,"440,214","$3,212.96 ",$7.30 ,"893,797,000","1,686,622","1,755,410",0.19%,26.10%,$7.25 ,99.45%
6/10/2025,Amazon U.S._RMI_Good Employer and Pro SMB_H1'25_TTD_In-Article_300x250_1P OE AUDIENCE_Cross-Platform Venti Display,KRG-x8c8-43674,$6.29 ,$1.00 ,"337,771","$2,130.49 ",$6.31 ,"893,797,000","1,630,898","1,641,182",0.18%,20.71%,$6.33 ,100.64%
6/10/2025,Amazon U.S._RMI_Good Employer and Pro SMB_H1'25_TTD_Instream Video_1P OE AUDIENCE_Cross-Platform STANDARD Pre-Roll,KRG-nyw4-44580,$15.00 ,$0.00 ,0,$0.00 ,$0.00 ,"595,188,400",0,0,0.00%,0.00%,$0.00 ,0.00%
6/11/2025,Amazon U.S._RMI_Good Employer and Pro SMB_H1'25_TTD_In-Article_300x250_1P OE INCREMENTAL AUDIENCE_Cross-Platform Venti Video,KRG-l5ia-45158,$7.29 ,$0.00 ,0,$0.00 ,$0.00 ,"842,148,200",0,0,0.00%,0.00%,$0.00 ,0.00%
6/11/2025,Amazon U.S._RMI_Good Employer and Pro SMB_H1'25_TTD_In-Article_300x250_1P OE AUDIENCE_Cross-Platform Venti Video,KRG-pja5-43673,$7.29 ,$1.00 ,"540,514","$3,947.40 ",$7.30 ,"842,148,200","1,953,566","2,310,413",0.23%,27.67%,$6.82 ,93.55%
6/11/2025,Amazon U.S._RMI_Good Employer and Pro SMB_H1'25_TTD_In-Article_300x250_1P OE INCREMENTAL AUDIENCE_Cross-Platform Venti Display,KRG-wcg9-45157,$6.29 ,$0.00 ,0,$0.00 ,$0.00 ,"842,148,200",0,0,0.00%,0.00%,$0.00 ,0.00%
6/11/2025,Amazon U.S._RMI_Good Employer and Pro SMB_H1'25_TTD_ADHESION_1P OE AUDIENCE_Cross-Platform Runway,KRG-rlf9-43675,$7.00 ,$1.00 ,"407,539","$2,858.29 ",$7.01 ,"301,761,800","1,273,964","1,294,467",0.42%,31.99%,$6.97 ,99.57%
6/11/2025,Amazon U.S._RMI_Good Employer and Pro SMB_H1'25_TTD_Instream Video_1P OE INCREMENTAL AUDIENCE_Cross-Platform Enhanced Pre-Roll,KRG-e5ws-45159,$17.00 ,$0.00 ,0,$0.00 ,$0.00 ,"564,727,500",0,0,0.00%,0.00%,$0.00 ,0.00%
6/11/2025,Amazon U.S._RMI_Good Employer and Pro SMB_H1'25_TTD_Instream Video_1P OE AUDIENCE_Cross-Platform Enhanced Pre-Roll,KRG-9qcd-43672,$17.00 ,$1.00 ,"403,584","$6,877.52 ",$17.04 ,"564,727,500","2,391,214","2,392,114",0.42%,16.88%,$17.01 ,100.06%
6/11/2025,Amazon U.S._RMI_Good Employer and Pro SMB_H1'25_TTD_Instream Video_1P OE AUDIENCE_Cross-Platform STANDARD Pre-Roll,KRG-nyw4-44580,$15.00 ,$0.00 ,0,$0.00 ,$0.00 ,"564,727,500",0,0,0.00%,0.00%,$0.00 ,0.00%
6/11/2025,Amazon U.S._RMI_Good Employer and Pro SMB_H1'25_TTD_In-Article_300x250_1P OE AUDIENCE_Cross-Platform Venti Display,KRG-x8c8-43674,$6.29 ,$1.00 ,"145,717",$919.29 ,$6.31 ,"842,148,200","631,522","634,001",0.08%,23.07%,$6.31 ,100.32%
6/11/2025,Amazon U.S._RMI_Good Employer and Pro SMB_H1'25_TTD_ADHESION_1P OE INCREMENTAL AUDIENCE_Cross-Platform Runway,KRG-0hqh-45156,$7.00 ,$0.00 ,0,$0.00 ,$0.00 ,"301,761,800",0,0,0.00%,0.00%,$0.00 ,0.00%
6/11/2025,Amazon U.S._RMI_Good Employer and Pro SMB_H1'25_TTD_Enhanced CTV,KRG-0gx7-44475,$26.50 ,$0.00 ,0,$0.00 ,$0.00 ,"5,667,307,500",0,0,0.00%,0.00%,$0.00 ,0.00%
6/12/2025,Amazon U.S._RMI_Good Employer and Pro SMB_H1'25_TTD_In-Article_300x250_1P OE INCREMENTAL AUDIENCE_Cross-Platform Venti Display,KRG-wcg9-45157,$6.29 ,$0.00 ,0,$0.00 ,$0.00 ,"822,016,800",0,0,0.00%,0.00%,$0.00 ,0.00%
6/12/2025,Amazon U.S._RMI_Good Employer and Pro SMB_H1'25_TTD_ADHESION_1P OE AUDIENCE_Cross-Platform Runway,KRG-rlf9-43675,$7.00 ,$1.00 ,"309,898","$2,174.19 ",$7.02 ,"289,401,400","978,059","1,017,231",0.34%,31.69%,$6.95 ,99.29%
6/12/2025,Amazon U.S._RMI_Good Employer and Pro SMB_H1'25_TTD_In-Article_300x250_1P OE AUDIENCE_Cross-Platform Venti Display,KRG-x8c8-43674,$6.29 ,$1.00 ,"197,716","$1,248.63 ",$6.32 ,"822,016,800","757,690","761,714",0.09%,26.09%,$6.31 ,100.32%
6/12/2025,Amazon U.S._RMI_Good Employer and Pro SMB_H1'25_TTD_Enhanced CTV,KRG-0gx7-44475,$26.50 ,$0.00 ,0,$0.00 ,$0.00 ,"5,809,781,800",0,0,0.00%,0.00%,$0.00 ,0.00%
6/12/2025,Amazon U.S._RMI_Good Employer and Pro SMB_H1'25_TTD_ADHESION_1P OE INCREMENTAL AUDIENCE_Cross-Platform Runway,KRG-0hqh-45156,$7.00 ,$0.00 ,0,$0.00 ,$0.00 ,"289,401,400",0,0,0.00%,0.00%,$0.00 ,0.00%
6/12/2025,Amazon U.S._RMI_Good Employer and Pro SMB_H1'25_TTD_In-Article_300x250_1P OE AUDIENCE_Cross-Platform Venti Video,KRG-pja5-43673,$7.29 ,$1.00 ,"589,759","$4,307.73 ",$7.30 ,"822,016,800","2,047,246","2,431,345",0.25%,28.81%,$6.95 ,95.34%
6/12/2025,Amazon U.S._RMI_Good Employer and Pro SMB_H1'25_TTD_Instream Video_1P OE AUDIENCE_Cross-Platform STANDARD Pre-Roll,KRG-nyw4-44580,$15.00 ,$0.00 ,0,$0.00 ,$0.00 ,"540,465,500",0,0,0.00%,0.00%,$0.00 ,0.00%
6/12/2025,Amazon U.S._RMI_Good Employer and Pro SMB_H1'25_TTD_In-Article_300x250_1P OE INCREMENTAL AUDIENCE_Cross-Platform Venti Video,KRG-l5ia-45158,$7.29 ,$0.00 ,0,$0.00 ,$0.00 ,"822,016,800",0,0,0.00%,0.00%,$0.00 ,0.00%
6/12/2025,Amazon U.S._RMI_Good Employer and Pro SMB_H1'25_TTD_Instream Video_1P OE AUDIENCE_Cross-Platform Enhanced Pre-Roll,KRG-9qcd-43672,$17.00 ,$1.00 ,"459,486","$7,828.89 ",$17.04 ,"540,465,500","2,589,432","2,590,352",0.48%,17.74%,$17.01 ,100.06%
6/12/2025,Amazon U.S._RMI_Good Employer and Pro SMB_H1'25_TTD_Instream Video_1P OE INCREMENTAL AUDIENCE_Cross-Platform Enhanced Pre-Roll,KRG-e5ws-45159,$17.00 ,$0.00 ,0,$0.00 ,$0.00 ,"540,465,500",0,0,0.00%,0.00%,$0.00 ,0.00%
6/13/2025,Amazon U.S._RMI_Good Employer and Pro SMB_H1'25_TTD_ADHESION_1P OE INCREMENTAL AUDIENCE_Cross-Platform Runway,KRG-0hqh-45156,$7.00 ,$0.00 ,0,$0.00 ,$0.00 ,"283,698,700",0,0,0.00%,0.00%,$0.00 ,0.00%
6/13/2025,Amazon U.S._RMI_Good Employer and Pro SMB_H1'25_TTD_Instream Video_1P OE INCREMENTAL AUDIENCE_Cross-Platform Enhanced Pre-Roll,KRG-e5ws-45159,$17.00 ,$0.00 ,0,$0.00 ,$0.00 ,"520,028,700",0,0,0.00%,0.00%,$0.00 ,0.00%
6/13/2025,Amazon U.S._RMI_Good Employer and Pro SMB_H1'25_TTD_Instream Video_1P OE AUDIENCE_Cross-Platform Enhanced Pre-Roll,KRG-9qcd-43672,$17.00 ,$1.00 ,"458,117","$7,799.70 ",$17.03 ,"520,028,700","2,653,577","2,681,796",0.51%,17.26%,$17.01 ,100.06%
6/13/2025,Amazon U.S._RMI_Good Employer and Pro SMB_H1'25_TTD_ADHESION_1P OE AUDIENCE_Cross-Platform Runway,KRG-rlf9-43675,$7.00 ,$1.00 ,"261,176","$1,830.45 ",$7.01 ,"283,698,700","799,946","824,387",0.28%,32.65%,$6.97 ,99.57%
6/13/2025,Amazon U.S._RMI_Good Employer and Pro SMB_H1'25_TTD_In-Article_300x250_1P OE AUDIENCE_Cross-Platform Venti Display,KRG-x8c8-43674,$6.29 ,$1.00 ,"524,956","$3,307.90 ",$6.30 ,"794,182,700","2,669,939","2,687,325",0.34%,19.66%,$6.30 ,100.16%
6/13/2025,Amazon U.S._RMI_Good Employer and Pro SMB_H1'25_TTD_Instream Video_1P OE AUDIENCE_Cross-Platform STANDARD Pre-Roll,KRG-nyw4-44580,$15.00 ,$0.00 ,0,$0.00 ,$0.00 ,"520,028,700",0,0,0.00%,0.00%,$0.00 ,0.00%
6/13/2025,Amazon U.S._RMI_Good Employer and Pro SMB_H1'25_TTD_In-Article_300x250_1P OE INCREMENTAL AUDIENCE_Cross-Platform Venti Display,KRG-wcg9-45157,$6.29 ,$0.00 ,0,$0.00 ,$0.00 ,"794,182,700",0,0,0.00%,0.00%,$0.00 ,0.00%
6/13/2025,Amazon U.S._RMI_Good Employer and Pro SMB_H1'25_TTD_Enhanced CTV,KRG-0gx7-44475,$26.50 ,$0.00 ,0,$0.00 ,$0.00 ,"5,822,667,600",0,0,0.00%,0.00%,$0.00 ,0.00%
6/13/2025,Amazon U.S._RMI_Good Employer and Pro SMB_H1'25_TTD_In-Article_300x250_1P OE AUDIENCE_Cross-Platform Venti Video,KRG-pja5-43673,$7.29 ,$1.00 ,"349,756","$2,552.49 ",$7.30 ,"794,182,700","1,343,794","1,454,348",0.17%,26.03%,$7.18 ,98.49%
6/13/2025,Amazon U.S._RMI_Good Employer and Pro SMB_H1'25_TTD_In-Article_300x250_1P OE INCREMENTAL AUDIENCE_Cross-Platform Venti Video,KRG-l5ia-45158,$7.29 ,$0.00 ,0,$0.00 ,$0.00 ,"794,182,700",0,0,0.00%,0.00%,$0.00 ,0.00%
6/14/2025,Amazon U.S._RMI_Good Employer and Pro SMB_H1'25_TTD_In-Article_300x250_1P OE AUDIENCE_Cross-Platform Venti Display,KRG-x8c8-43674,$6.29 ,$1.00 ,"476,187","$3,001.21 ",$6.30 ,"827,290,700","2,329,741","2,337,270",0.28%,20.44%,$6.31 ,100.32%
6/14/2025,Amazon U.S._RMI_Good Employer and Pro SMB_H1'25_TTD_ADHESION_1P OE INCREMENTAL AUDIENCE_Cross-Platform Runway,KRG-0hqh-45156,$7.00 ,$0.00 ,0,$0.00 ,$0.00 ,"329,670,000",0,0,0.00%,0.00%,$0.00 ,0.00%
6/14/2025,Amazon U.S._RMI_Good Employer and Pro SMB_H1'25_TTD_Enhanced CTV,KRG-0gx7-44475,$26.50 ,$0.00 ,0,$0.00 ,$0.00 ,"6,076,862,100",0,0,0.00%,0.00%,$0.00 ,0.00%
6/14/2025,Amazon U.S._RMI_Good Employer and Pro SMB_H1'25_TTD_In-Article_300x250_1P OE AUDIENCE_Cross-Platform Venti Video,KRG-pja5-43673,$7.29 ,$1.00 ,"363,175","$2,649.34 ",$7.29 ,"827,290,700","1,390,849","1,726,916",0.17%,26.11%,$6.95 ,95.34%
6/14/2025,Amazon U.S._RMI_Good Employer and Pro SMB_H1'25_TTD_In-Article_300x250_1P OE INCREMENTAL AUDIENCE_Cross-Platform Venti Display,KRG-wcg9-45157,$6.29 ,$0.00 ,0,$0.00 ,$0.00 ,"827,290,700",0,0,0.00%,0.00%,$0.00 ,0.00%
6/14/2025,Amazon U.S._RMI_Good Employer and Pro SMB_H1'25_TTD_Instream Video_1P OE INCREMENTAL AUDIENCE_Cross-Platform Enhanced Pre-Roll,KRG-e5ws-45159,$17.00 ,$0.00 ,0,$0.00 ,$0.00 ,"565,515,400",0,0,0.00%,0.00%,$0.00 ,0.00%
6/14/2025,Amazon U.S._RMI_Good Employer and Pro SMB_H1'25_TTD_ADHESION_1P OE AUDIENCE_Cross-Platform Runway,KRG-rlf9-43675,$7.00 ,$1.00 ,"278,983","$1,954.47 ",$7.01 ,"329,670,000","859,283","960,474",0.26%,32.47%,$6.84 ,97.71%
6/14/2025,Amazon U.S._RMI_Good Employer and Pro SMB_H1'25_TTD_In-Article_300x250_1P OE INCREMENTAL AUDIENCE_Cross-Platform Venti Video,KRG-l5ia-45158,$7.29 ,$0.00 ,0,$0.00 ,$0.00 ,"827,290,700",0,0,0.00%,0.00%,$0.00 ,0.00%
6/14/2025,Amazon U.S._RMI_Good Employer and Pro SMB_H1'25_TTD_Instream Video_1P OE AUDIENCE_Cross-Platform STANDARD Pre-Roll,KRG-nyw4-44580,$15.00 ,$0.00 ,0,$0.00 ,$0.00 ,"565,515,400",0,0,0.00%,0.00%,$0.00 ,0.00%
6/14/2025,Amazon U.S._RMI_Good Employer and Pro SMB_H1'25_TTD_Instream Video_1P OE AUDIENCE_Cross-Platform Enhanced Pre-Roll,KRG-9qcd-43672,$17.00 ,$1.00 ,"455,271","$7,747.22 ",$17.02 ,"565,515,400","2,956,165","2,956,367",0.52%,15.40%,$17.00 ,100.00%
6/15/2025,Amazon U.S._RMI_Good Employer and Pro SMB_H1'25_TTD_Enhanced CTV,KRG-0gx7-44475,$26.50 ,$0.00 ,0,$0.00 ,$0.00 ,"6,227,714,600",0,0,0.00%,0.00%,$0.00 ,0.00%
6/15/2025,Amazon U.S._RMI_Good Employer and Pro SMB_H1'25_TTD_In-Article_300x250_1P OE INCREMENTAL AUDIENCE_Cross-Platform Venti Display,KRG-wcg9-45157,$6.29 ,$0.00 ,0,$0.00 ,$0.00 ,"918,906,400",0,0,0.00%,0.00%,$0.00 ,0.00%
6/15/2025,Amazon U.S._RMI_Good Employer and Pro SMB_H1'25_TTD_ADHESION_1P OE INCREMENTAL AUDIENCE_Cross-Platform Runway,KRG-0hqh-45156,$7.00 ,$0.00 ,0,$0.00 ,$0.00 ,"348,741,800",0,0,0.00%,0.00%,$0.00 ,0.00%
6/15/2025,Amazon U.S._RMI_Good Employer and Pro SMB_H1'25_TTD_Instream Video_1P OE INCREMENTAL AUDIENCE_Cross-Platform Enhanced Pre-Roll,KRG-e5ws-45159,$17.00 ,$0.00 ,0,$0.00 ,$0.00 ,"619,336,400",0,0,0.00%,0.00%,$0.00 ,0.00%
6/15/2025,Amazon U.S._RMI_Good Employer and Pro SMB_H1'25_TTD_ADHESION_1P OE AUDIENCE_Cross-Platform Runway,KRG-rlf9-43675,$7.00 ,$1.00 ,"334,829","$2,347.97 ",$7.01 ,"348,741,800","988,829","1,067,069",0.28%,33.86%,$6.92 ,98.86%
6/15/2025,Amazon U.S._RMI_Good Employer and Pro SMB_H1'25_TTD_In-Article_300x250_1P OE INCREMENTAL AUDIENCE_Cross-Platform Venti Video,KRG-l5ia-45158,$7.29 ,$0.00 ,0,$0.00 ,$0.00 ,"918,906,400",0,0,0.00%,0.00%,$0.00 ,0.00%
6/15/2025,Amazon U.S._RMI_Good Employer and Pro SMB_H1'25_TTD_Instream Video_1P OE AUDIENCE_Cross-Platform Enhanced Pre-Roll,KRG-9qcd-43672,$17.00 ,$1.00 ,"453,737","$7,720.11 ",$17.01 ,"619,336,400","2,691,208","2,691,313",0.43%,16.86%,$17.00 ,100.00%
6/15/2025,Amazon U.S._RMI_Good Employer and Pro SMB_H1'25_TTD_In-Article_300x250_1P OE AUDIENCE_Cross-Platform Venti Display,KRG-x8c8-43674,$6.29 ,$1.00 ,"486,042","$3,075.93 ",$6.33 ,"918,906,400","2,348,970","2,355,915",0.26%,20.69%,$6.37 ,101.27%
6/15/2025,Amazon U.S._RMI_Good Employer and Pro SMB_H1'25_TTD_In-Article_300x250_1P OE AUDIENCE_Cross-Platform Venti Video,KRG-pja5-43673,$7.29 ,$1.00 ,"295,078","$2,154.45 ",$7.30 ,"918,906,400","1,092,938","1,333,021",0.12%,27.00%,$6.99 ,95.88%
6/15/2025,Amazon U.S._RMI_Good Employer and Pro SMB_H1'25_TTD_Instream Video_1P OE AUDIENCE_Cross-Platform STANDARD Pre-Roll,KRG-nyw4-44580,$15.00 ,$0.00 ,0,$0.00 ,$0.00 ,"619,336,400",0,0,0.00%,0.00%,$0.00 ,0.00%
6/16/2025,Amazon U.S._RMI_Good Employer and Pro SMB_H1'25_TTD_In-Article_300x250_1P OE AUDIENCE_Cross-Platform Venti Display,KRG-x8c8-43674,$6.29 ,$1.00 ,"89,644",$564.51 ,$6.30 ,"151,150,600","216,949","217,609",0.14%,41.32%,$6.30 ,100.16%
6/16/2025,Amazon U.S._RMI_Good Employer and Pro SMB_H1'25_TTD_In-Article_300x250_1P OE INCREMENTAL AUDIENCE_Cross-Platform Venti Display,KRG-wcg9-45157,$6.29 ,$0.00 ,0,$0.00 ,$0.00 ,"151,150,600",0,0,0.00%,0.00%,$0.00 ,0.00%
6/16/2025,Amazon U.S._RMI_Good Employer and Pro SMB_H1'25_TTD_In-Article_300x250_1P OE INCREMENTAL AUDIENCE_Cross-Platform Venti Video,KRG-l5ia-45158,$7.29 ,$0.00 ,0,$0.00 ,$0.00 ,"151,150,600",0,0,0.00%,0.00%,$0.00 ,0.00%
6/16/2025,Amazon U.S._RMI_Good Employer and Pro SMB_H1'25_TTD_ADHESION_1P OE AUDIENCE_Cross-Platform Runway,KRG-rlf9-43675,$7.00 ,$1.00 ,"61,812",$433.15 ,$7.01 ,"51,817,100","100,510","107,423",0.19%,61.50%,$6.92 ,98.86%
6/16/2025,Amazon U.S._RMI_Good Employer and Pro SMB_H1'25_TTD_In-Article_300x250_1P OE AUDIENCE_Cross-Platform Venti Video,KRG-pja5-43673,$7.29 ,$1.00 ,"64,025",$467.07 ,$7.30 ,"151,150,600","121,877","146,661",0.08%,52.53%,$7.02 ,96.30%
6/16/2025,Amazon U.S._RMI_Good Employer and Pro SMB_H1'25_TTD_Instream Video_1P OE INCREMENTAL AUDIENCE_Cross-Platform Enhanced Pre-Roll,KRG-e5ws-45159,$17.00 ,$0.00 ,0,$0.00 ,$0.00 ,"88,942,700",0,0,0.00%,0.00%,$0.00 ,0.00%
6/16/2025,Amazon U.S._RMI_Good Employer and Pro SMB_H1'25_TTD_Enhanced CTV,KRG-0gx7-44475,$26.50 ,$0.00 ,0,$0.00 ,$0.00 ,"878,849,900",0,0,0.00%,0.00%,$0.00 ,0.00%
6/16/2025,Amazon U.S._RMI_Good Employer and Pro SMB_H1'25_TTD_Instream Video_1P OE AUDIENCE_Cross-Platform Enhanced Pre-Roll,KRG-9qcd-43672,$17.00 ,$1.00 ,"76,086","$1,295.65 ",$17.03 ,"88,942,700","185,967","185,975",0.21%,40.91%,$17.01 ,100.06%
6/16/2025,Amazon U.S._RMI_Good Employer and Pro SMB_H1'25_TTD_Instream Video_1P OE AUDIENCE_Cross-Platform STANDARD Pre-Roll,KRG-nyw4-44580,$15.00 ,$0.00 ,0,$0.00 ,$0.00 ,"88,942,700",0,0,0.00%,0.00%,$0.00 ,0.00%
6/16/2025,Amazon U.S._RMI_Good Employer and Pro SMB_H1'25_TTD_ADHESION_1P OE INCREMENTAL AUDIENCE_Cross-Platform Runway,KRG-0hqh-45156,$7.00 ,$0.00 ,0,$0.00 ,$0.00 ,"51,817,100",0,0,0.00%,0.00%,$0.00 ,0.00%
